2978 5414
416 386 648 456 EpIgrammaton
664 384 749 440 Liber
765 383 792 438 V
811 384 896 450 (edirt
912 382 1015 439 Herbst
1033 384 1086 447 69).
1246 384 1309 448 423

670 556 802 622 LXVII.

259 671 418 735 Hihemos
441 677 588 754 peterent
609 668 703 735 solito
727 688 797 733 cum
820 686 908 732 more
929 684 1076 733 recessus

302 780 462 860 Atthides,
485 782 519 845 in
541 779 627 845 nidis
649 799 714 845 nna
736 780 890 845 remansit
912 780 991 844 avis.

261 891 470 976 Deprendere
492 892 584 957 nefas
607 891 650 957 ad
672 898 818 975 tempora
839 909 940 955 verna
961 908 1120 969 reversae,

305 1005 346 1071 Et
367 1003 537 1089 profugam
560 1003 707 1068 volucres
729 1001 892 1087 diripuere
914 1019 1004 1067 suae.

220 1125 237 1180 5
263 1116 341 1181 Sero
364 1114 454 1181 dedit
475 1133 612 1200 poenas:
637 1112 776 1197 discerpi
798 1114 897 1179 noxia
917 1122 1020 1178 mater

305 1227 479 1306 Debuerat,
503 1224 561 1291 sed
584 1232 671 1306 tuno,
696 1245 768 1290 cum
791 1226 947 1290 laceravit
967 1225 1051 1307 Ityn.

666 1379 816 1444 LXVIII.

264 1493 383 1556 Arctoa
406 1491 447 1557 de
470 1499 566 1575 gente
588 1510 712 1555 comam
734 1489 802 1569 tihi,
827 1489 955 1569 Lesbia,
979 1490 1060 1567 misi,

309 1604 352 1670 Ut
374 1604 483 1683 scires,
508 1610 626 1686 quanto
649 1603 691 1666 sit
713 1608 770 1666 tua
792 1599 878 1665 flava
899 1601 1012 1684 magis.

687 1754 802 1819 LXIX.

264 1868 382 1932 Antoni
405 1866 522 1932 PharIo
544 1868 590 1931 nil
612 1867 774 1932 obiecture
796 1864 932 1931 Pothino

308 1979 349 2044 Et
370 1979 475 2043 levius
497 1977 620 2057 tabula,
644 1997 741 2060 quam
764 1976 919 2042 OIcerone
941 1995 1073 2042 nocens:

267 2087 353 2167 Quid
374 2088 519 2172 gladium
542 2087 675 2153 demens
699 2089 844 2153 Romana
866 2089 998 2172 stringis
1020 2089 1055 2152 in
1078 2092 1154 2153 orat

309 2200 378 2265 Hoc
400 2199 586 2265 admisisset
608 2218 667 2264 nec
689 2198 831 2264 Catilina
852 2198 955 2263 nefas.

225 2321 242 2375 5
266 2312 389 2395 Impius
410 2310 543 2376 infando
566 2311 658 2375 miles
681 2311 892 2394 corrumpitur
914 2330 1001 2389 auro,

310 2423 351 2486 Et
373 2422 472 2488 tantis
495 2422 610 2506 opibus
633 2440 695 2486 vox
718 2428 805 2486 tacet
826 2441 891 2486 una
914 2421 981 2486 tibi.

268 2532 354 2610 Quid
376 2541 510 2617 prosunt
531 2552 645 2598 sacrae
667 2532 808 2618 pretiosa
830 2534 960 2598 silentia
982 2532 1136 2616 lingnaei

308 2645 470 2729 Incipient
492 2663 603 2710 omnes
624 2664 683 2729 pro
705 2643 860 2709 Cicerone
881 2644 980 2727 loqui.

285 2832 431 2886 LXVIII.
463 2848 531 2888 snae
551 2833 653 2894 QEFe
673 2833 724 2885 Ser
745 2832 851 2886 Gilbert
865 2850 894 2902 p.
914 2839 946 2887 25
983 2848 1062 2889 suam
1086 2833 1144 2885 TN
1150 2834 1227 2886 Scin.

184 2976 248 3042 sah:
268 2987 314 3041 Du
331 2987 410 3041 wirot
427 2984 472 3040 fllr
490 2987 564 3041 mich
583 2987 629 3041 ein
646 2986 739 3042 »Lehe
757 2985 832 3042 wohl
851 2986 903 3041 anf
919 2987 1008 3057 cwig«
1027 2986 1088 3042 seia
1107 2986 1199 3058 (Verg.
1220 2987 1257 3043 A.
1276 2989 1318 3044 XI

184 3075 216 3125 96
236 3078 435 3141 aetemumqne
453 3071 535 3136 vale.)
567 3070 677 3129 Gilbert
694 3088 722 3142 p.
741 3074 765 3124 9.
795 3071 908 3128 Anders
926 3072 1075 3142 gowendct
1092 3073 1131 3130 ist
1148 3073 1190 3127 IX
1208 3076 1232 3139 l,
1250 3077 1274 3126 4.

252 3156 360 3212 LXVII
378 3160 404 3209 2.
435 3158 567 3212 Atthides.
598 3158 639 3213 Zn
655 3157 670 3212 l
688 3160 729 3223 53,
750 3159 791 3212 11.

252 3246 278 3294 4.
307 3261 386 3296 suae.-
405 3243 496 3312 ipsius
515 3244 619 3300 sociae.
650 3241 759 3299 Gilhert
776 3259 804 3313 p.
823 3247 864 3297 25.

252 3333 275 3382 6.
306 3331 380 3398 Ityn.
407 3329 465 3384 Der
482 3327 561 3384 Sohn
579 3331 629 3385 der
645 3329 765 3398 Progne.
796 3328 901 3385 Prelier
919 3327 972 3384 Gn
990 3329 1018 3383 II
1038 3331 1094 3384 146.

252 3414 382 3469 LXVIII.
420 3413 513 3471 Ueber
535 3416 581 3471 die
604 3414 778 3470 Beliebtheit
804 3415 855 3470 des
878 3414 1005 3470 blonden
1026 3414 1134 3472 Hssres
1158 3416 1208 3472 der
1228 3415 1322 3472 Ilerd-

184 3499 283 3555 litnder
300 3500 330 3554 in
346 3499 420 3554 Rom
438 3499 602 3568 llarquardt
613 3499 669 3555 Prl.
688 3501 774 3565 5666
792 3515 819 3556 u.
833 3504 857 3556 6.
886 3500 951 3571 Vgl.
963 3501 1000 3557 II.
1014 3501 1055 3556 VI
1070 3503 1135 3568 12,1
1162 3501 1216 3557 XII
1234 3505 1275 3568 23,
1296 3506 1320 3557 1.

255 3585 358 3640 LXIX.
381 3587 403 3639 l.
433 3583 500 3652 Vgl.
519 3584 624 3639 11166.

254 3675 277 3724 2.
308 3671 413 3724 talah:
433 3669 540 3725 welche
559 3669 605 3725 dle
622 3670 855 3739 Proscriptionon
872 3671 999 3729 enthlelt.

255 3757 279 3807 3.
312 3757 437 3809 Rouana
454 3786 489 3795 -
506 3755 535 3808 in
553 3774 608 3809 cra.
643 3756 710 3812 Wol
728 3756 809 3812 nicht
826 3773 876 3812 ors
892 3773 958 3814 vere
976 3761 1114 3822 Romana,
1134 3759 1256 3814 condem
1276 3777 1323 3816 ao·

185 3842 242 3897 viel
265 3841 308 3896 als
332 3858 365 3897 os
382 3840 497 3896 Romae.
533 3841 576 3895 III
594 3844 636 3903 66,
657 3845 672 3894 4
690 3841 753 3898 Hoc
771 3842 823 3898 tibi
840 3842 931 3899 Roma
950 3852 1049 3913 caput,
1069 3861 1132 3899 cnm
1155 3844 1318 3914 loquererIs‚

185 3933 252 3982 erat.
288 3926 354 3997 Vgl.
380 3926 454 3981 anch
482 3926 522 3980 lX
546 3929 593 3992 ll,
613 3928 628 3977 3
652 3927 730 3983 Haec
756 3929 851 3981 mundi
866 3930 966 4001 facia,
989 3930 1061 3985 haec
1086 3937 1153 3986 snnt
1173 3931 1252 3988 Iovis
1270 3947 1320 3988 ora

186 4013 286 4067 sereni.
316 4011 409 4068 Ueber
425 4013 471 4068 die
483 4012 698 4082 Verltingerung
716 4013 766 4069 des
779 4013 998 4071 Schlussvokals
1015 4032 1073 4071 von
1083 4016 1214 4072 Romarm
1231 4017 1321 4073 durch

185 4099 238 4154 das
262 4098 396 4168 folgende
418 4105 459 4154 etr
476 4099 593 4167 Lennep
612 4097 691 4155 Add.
711 4099 748 4154 ad
767 4099 879 4156 Terent.
898 4102 985 4156 lIaur.
1004 4101 1048 4158 ed.
1070 4100 1175 4158 Santen
1195 4104 1261 4157 1669
1279 4119 1317 4160 ss.

186 4201 215 4253 p.
234 4187 282 4236 411
303 4201 340 4240 66.
371 4184 402 4239 L.
421 4184 538 4240 theller
555 4201 576 4239 r.
597 4201 633 4239 m.
655 4201 683 4253 p.
705 4187 765 4238 320.

255 4274 279 4324 5.
298 4270 404 4341 Impius
420 4300 455 4310 —
472 4271 556 4324 mileo.
587 4270 645 4326 Der
662 4287 719 4326 von
732 4270 832 4329 Cicero
850 4272 945 4328 frlther
963 4273 992 4328 ln
1010 4274 1101 4331 ciuem
1118 4274 1238 4333 Proccss
1255 4291 1319 4332 ver-

188 4356 328 4427 theidigte
347 4356 456 4412 Tribun
475 4354 506 4411 C.
527 4356 666 4425 Popillius
684 4357 802 4414 Laenas.
832 4359 976 4415 Drnmann
987 4358 1039 4416 RG
1051 4360 1091 4416 VI
1103 4363 1247 4418 676-379.
