<?xml version="1.0" encoding="UTF-8"?>
<!DOCTYPE html PUBLIC "-//W3C//DTD XHTML 1.0 Transitional//EN"
    "http://www.w3.org/TR/xhtml1/DTD/xhtml1-transitional.dtd">
<html xmlns="http://www.w3.org/1999/xhtml" xml:lang="en" lang="en">
 <head>
  <title>
</title>
<meta http-equiv="Content-Type" content="text/html;charset=utf-8" />
  <meta name='ocr-system' content='tesseract 3.04.00' />
  <meta name='ocr-capabilities' content='ocr_page ocr_carea ocr_par ocr_line ocrx_word'/>
</head>
<body>
  <div class='ocr_page' id='page_1' title='image "./mvaleriimartial01friegoog/mvaleriimartial01friegoog_0414.png"; bbox 0 0 2978 5414; ppageno 0'>
   <div class='ocr_carea' id='block_1_1' title="bbox 187 801 911 864">
    <p class='ocr_par' dir='ltr' id='par_1_1' title="bbox 187 801 911 864">
     <span class='ocr_line' id='line_1_1' title="bbox 187 801 911 864; baseline -0.004 -3"><span class='ocrx_word' id='word_1_1' title='bbox 187 801 249 864; x_wconf 81' lang='lat'>404</span> <span class='ocrx_word' id='word_1_2' title='bbox 597 802 633 856; x_wconf 88' lang='lat' dir='ltr'>M.</span> <span class='ocrx_word' id='word_1_3' title='bbox 652 801 758 858; x_wconf 88' lang='lat' dir='ltr'>Valerii</span> <span class='ocrx_word' id='word_1_4' title='bbox 775 801 911 859; x_wconf 73' lang='lat' dir='ltr'>Martialis</span> 
     </span>
    </p>
   </div>
   <div class='ocr_carea' id='block_1_2' title="bbox 231 971 1074 1505">
    <p class='ocr_par' dir='ltr' id='par_1_2' title="bbox 231 971 1074 1505">
     <span class='ocr_line' id='line_1_2' title="bbox 231 971 972 1057; baseline 0.011 -25"><span class='ocrx_word' id='word_1_5' title='bbox 231 978 248 1032; x_wconf 83' lang='lat'>5</span> <span class='ocrx_word' id='word_1_6' title='bbox 272 971 437 1038; x_wconf 80' lang='lat' dir='ltr'><strong>Probitate</strong></span> <span class='ocrx_word' id='word_1_7' title='bbox 459 972 592 1055; x_wconf 89' lang='lat' dir='ltr'>Macros,</span> <span class='ocrx_word' id='word_1_8' title='bbox 616 976 781 1057; x_wconf 89' lang='lat' dir='ltr'>aequitate</span> <span class='ocrx_word' id='word_1_9' title='bbox 803 975 972 1055; x_wconf 88' lang='lat' dir='ltr'>Mauricos,</span> 
     </span>
     <span class='ocr_line' id='line_1_3' title="bbox 270 1081 857 1168; baseline 0.005 -22"><span class='ocrx_word' id='word_1_10' title='bbox 270 1081 423 1149; x_wconf 81' lang='lat' dir='ltr'><strong>Oratione</strong></span> <span class='ocrx_word' id='word_1_11' title='bbox 446 1085 599 1168; x_wconf 82' lang='lat' dir='ltr'>Regulos,</span> <span class='ocrx_word' id='word_1_12' title='bbox 622 1085 701 1151; x_wconf 91' lang='lat' dir='ltr'>iocis</span> <span class='ocrx_word' id='word_1_13' title='bbox 723 1087 857 1151; x_wconf 88' lang='lat' dir='ltr'>Paulos:</span> 
     </span>
     <span class='ocr_line' id='line_1_4' title="bbox 271 1193 903 1278; baseline 0.008 -20"><span class='ocrx_word' id='word_1_14' title='bbox 271 1193 476 1278; x_wconf 81' lang='lat' dir='ltr'>Robiginosis</span> <span class='ocrx_word' id='word_1_15' title='bbox 499 1203 614 1262; x_wconf 90' lang='lat' dir='ltr'>cuncta</span> <span class='ocrx_word' id='word_1_16' title='bbox 635 1195 786 1264; x_wconf 83' lang='lat' dir='ltr'>dentibus</span> <span class='ocrx_word' id='word_1_17' title='bbox 808 1196 903 1263; x_wconf 86' lang='lat' dir='ltr'>rodit.</span> 
     </span>
     <span class='ocr_line' id='line_1_5' title="bbox 269 1305 1074 1392; baseline 0.002 -22"><span class='ocrx_word' id='word_1_18' title='bbox 269 1305 439 1372; x_wconf 80' lang='lat' dir='ltr'>Hominem</span> <span class='ocrx_word' id='word_1_19' title='bbox 462 1308 639 1392; x_wconf 79' lang='lat' dir='ltr'>malignum</span> <span class='ocrx_word' id='word_1_20' title='bbox 661 1308 770 1374; x_wconf 83' lang='lat' dir='ltr'>forsan</span> <span class='ocrx_word' id='word_1_21' title='bbox 793 1327 866 1374; x_wconf 90' lang='lat' dir='ltr'>esse</span> <span class='ocrx_word' id='word_1_22' title='bbox 886 1317 922 1376; x_wconf 93' lang='lat' dir='ltr'>tu</span> <span class='ocrx_word' id='word_1_23' title='bbox 945 1308 1074 1376; x_wconf 88' lang='lat' dir='ltr'>credas:</span> 
     </span>
     <span class='ocr_line' id='line_1_6' title="bbox 268 1416 1067 1505; baseline 0.009 -25"><span class='ocrx_word' id='word_1_24' title='bbox 268 1416 338 1500; x_wconf 83' lang='lat' dir='ltr'>Ego</span> <span class='ocrx_word' id='word_1_25' title='bbox 362 1437 434 1484; x_wconf 87' lang='lat' dir='ltr'>esse</span> <span class='ocrx_word' id='word_1_26' title='bbox 456 1421 608 1485; x_wconf 85' lang='lat' dir='ltr'>miserum</span> <span class='ocrx_word' id='word_1_27' title='bbox 631 1419 736 1501; x_wconf 90' lang='lat' dir='ltr'>oredo,</span> <span class='ocrx_word' id='word_1_28' title='bbox 761 1422 811 1486; x_wconf 91' lang='lat' dir='ltr'>cui</span> <span class='ocrx_word' id='word_1_29' title='bbox 834 1421 942 1505; x_wconf 88' lang='lat' dir='ltr'>placet</span> <span class='ocrx_word' id='word_1_30' title='bbox 963 1440 1067 1487; x_wconf 90' lang='lat' dir='ltr'>nemo.</span> 
     </span>
    </p>
   </div>
   <div class='ocr_carea' id='block_1_3' title="bbox 268 1584 1117 2113">
    <p class='ocr_par' dir='ltr' id='par_1_3' title="bbox 268 1584 1117 2113">
     <span class='ocr_line' id='line_1_7' title="bbox 685 1584 807 1648; baseline -0.016 0"><span class='ocrx_word' id='word_1_31' title='bbox 685 1584 807 1648; x_wconf 87' lang='lat' dir='ltr'>XXIX.</span> 
     </span>
     <span class='ocr_line' id='line_1_8' title="bbox 268 1690 1117 1777; baseline 0.004 -22"><span class='ocrx_word' id='word_1_32' title='bbox 268 1690 303 1755; x_wconf 89' lang='lat' dir='ltr'>Si</span> <span class='ocrx_word' id='word_1_33' title='bbox 326 1692 455 1774; x_wconf 90' lang='lat' dir='ltr'>quando</span> <span class='ocrx_word' id='word_1_34' title='bbox 476 1694 619 1777; x_wconf 90' lang='lat' dir='ltr'>leporem</span> <span class='ocrx_word' id='word_1_35' title='bbox 640 1695 741 1761; x_wconf 90' lang='lat' dir='ltr'>mittis</span> <span class='ocrx_word' id='word_1_36' title='bbox 763 1695 852 1772; x_wconf 90' lang='lat' dir='ltr'>mihi,</span> <span class='ocrx_word' id='word_1_37' title='bbox 876 1695 996 1776; x_wconf 84' lang='lat' dir='ltr'>Gellia,</span> <span class='ocrx_word' id='word_1_38' title='bbox 1021 1695 1117 1761; x_wconf 91' lang='lat' dir='ltr'>diois:</span> 
     </span>
     <span class='ocr_line' id='line_1_9' title="bbox 312 1804 1045 1890; baseline 0.007 -23"><span class='ocrx_word' id='word_1_39' title='bbox 312 1804 497 1870; x_wconf 74' lang='lat' dir='ltr'>»Formosus</span> <span class='ocrx_word' id='word_1_40' title='bbox 520 1813 653 1890; x_wconf 81' lang='lat' dir='ltr'>septem,</span> <span class='ocrx_word' id='word_1_41' title='bbox 678 1807 794 1886; x_wconf 86' lang='lat' dir='ltr'>Marce,</span> <span class='ocrx_word' id='word_1_42' title='bbox 819 1806 934 1872; x_wconf 91' lang='lat' dir='ltr'>dicbus</span> <span class='ocrx_word' id='word_1_43' title='bbox 956 1807 1045 1872; x_wconf 78' lang='lat' dir='ltr'>eris«</span> 
     </span>
     <span class='ocr_line' id='line_1_10' title="bbox 269 1912 1079 2000; baseline 0.007 -22"><span class='ocrx_word' id='word_1_44' title='bbox 269 1912 305 1978; x_wconf 86' lang='lat' dir='ltr'>Si</span> <span class='ocrx_word' id='word_1_45' title='bbox 327 1934 391 1979; x_wconf 92' lang='lat' dir='ltr'>non</span> <span class='ocrx_word' id='word_1_46' title='bbox 413 1915 551 1997; x_wconf 85' lang='lat' dir='ltr'>derides,</span> <span class='ocrx_word' id='word_1_47' title='bbox 575 1920 603 1983; x_wconf 91' lang='lat' dir='ltr'>si</span> <span class='ocrx_word' id='word_1_48' title='bbox 626 1937 747 2000; x_wconf 89' lang='lat' dir='ltr'>verum,</span> <span class='ocrx_word' id='word_1_49' title='bbox 770 1918 826 1983; x_wconf 87' lang='lat' dir='ltr'>lux</span> <span class='ocrx_word' id='word_1_50' title='bbox 849 1938 931 1998; x_wconf 91' lang='lat' dir='ltr'>mea,</span> <span class='ocrx_word' id='word_1_51' title='bbox 955 1937 1079 2000; x_wconf 88' lang='lat' dir='ltr'>narras,</span> 
     </span>
     <span class='ocr_line' id='line_1_11' title="bbox 310 2025 982 2113; baseline 0.006 -23"><span class='ocrx_word' id='word_1_52' title='bbox 310 2025 415 2092; x_wconf 83' lang='lat' dir='ltr'>Edisti</span> <span class='ocrx_word' id='word_1_53' title='bbox 437 2048 610 2112; x_wconf 88' lang='lat' dir='ltr'>nunquam,</span> <span class='ocrx_word' id='word_1_54' title='bbox 635 2029 751 2109; x_wconf 82' lang='lat' dir='ltr'>Gellia,</span> <span class='ocrx_word' id='word_1_55' title='bbox 775 2037 810 2096; x_wconf 91' lang='lat' dir='ltr'>tu</span> <span class='ocrx_word' id='word_1_56' title='bbox 831 2031 982 2113; x_wconf 88' lang='lat' dir='ltr'>leporem.</span> 
     </span>
    </p>
   </div>
   <div class='ocr_carea' id='block_1_4' title="bbox 181 2266 1324 2852">
    <p class='ocr_par' dir='ltr' id='par_1_4' title="bbox 181 2266 1324 2512">
     <span class='ocr_line' id='line_1_12' title="bbox 281 2266 1324 2341; baseline 0.009 -20"><span class='ocrx_word' id='word_1_57' title='bbox 281 2267 386 2321; x_wconf 92' lang='lat' dir='ltr'>XXIX.</span> <span class='ocrx_word' id='word_1_58' title='bbox 417 2266 480 2323; x_wconf 85' lang='lat' dir='ltr'>Aoi.</span> <span class='ocrx_word' id='word_1_59' title='bbox 495 2269 638 2338; x_wconf 89' lang='lat' dir='ltr'>Lamprid.</span> <span class='ocrx_word' id='word_1_60' title='bbox 657 2269 708 2325; x_wconf 88' lang='lat' dir='ltr'>vit.</span> <span class='ocrx_word' id='word_1_61' title='bbox 725 2268 879 2325; x_wconf 78' lang='lat' dir='ltr'>Alexandri</span> <span class='ocrx_word' id='word_1_62' title='bbox 898 2269 993 2325; x_wconf 87' lang='lat' dir='ltr'>Severi</span> <span class='ocrx_word' id='word_1_63' title='bbox 1013 2286 1036 2325; x_wconf 91' lang='lat' dir='ltr'>c.</span> <span class='ocrx_word' id='word_1_64' title='bbox 1055 2272 1088 2322; x_wconf 85' lang='lat'>38</span> <span class='ocrx_word' id='word_1_65' title='bbox 1106 2269 1187 2327; x_wconf 87' lang='lat' dir='ltr'>multi</span> <span class='ocrx_word' id='word_1_66' title='bbox 1205 2279 1324 2341; x_wconf 85' lang='lat' dir='ltr'>septem</span> 
     </span>
     <span class='ocr_line' id='line_1_13' title="bbox 181 2353 1324 2423; baseline 0.006 -15"><span class='ocrx_word' id='word_1_67' title='bbox 181 2353 281 2409; x_wconf 87' lang='lat' dir='ltr'>dIebus</span> <span class='ocrx_word' id='word_1_68' title='bbox 298 2354 434 2423; x_wconf 89' lang='lat' dir='ltr'>pulchros</span> <span class='ocrx_word' id='word_1_69' title='bbox 446 2369 509 2409; x_wconf 91' lang='lat' dir='ltr'>esse</span> <span class='ocrx_word' id='word_1_70' title='bbox 521 2355 627 2419; x_wconf 90' lang='lat' dir='ltr'>dicunt,</span> <span class='ocrx_word' id='word_1_71' title='bbox 641 2355 690 2423; x_wconf 89' lang='lat' dir='ltr'>qui</span> <span class='ocrx_word' id='word_1_72' title='bbox 702 2354 826 2422; x_wconf 91' lang='lat' dir='ltr'>leporem</span> <span class='ocrx_word' id='word_1_73' title='bbox 839 2356 1019 2421; x_wconf 75' lang='lat' dir='ltr'>comederint,</span> <span class='ocrx_word' id='word_1_74' title='bbox 1037 2362 1070 2410; x_wconf 89' lang='lat' dir='ltr'>ut</span> <span class='ocrx_word' id='word_1_75' title='bbox 1080 2355 1217 2413; x_wconf 77' lang='lat' dir='ltr'>Martialis</span> <span class='ocrx_word' id='word_1_76' title='bbox 1231 2359 1324 2415; x_wconf 85' lang='lat' dir='ltr'>etIam</span> 
     </span>
     <span class='ocr_line' id='line_1_14' title="bbox 181 2438 1324 2512; baseline 0.007 -18"><span class='ocrx_word' id='word_1_77' title='bbox 181 2441 353 2509; x_wconf 80' lang='lat' dir='ltr'>epigramma</span> <span class='ocrx_word' id='word_1_78' title='bbox 362 2439 513 2509; x_wconf 76' lang='lat' dir='ltr'>significat,</span> <span class='ocrx_word' id='word_1_79' title='bbox 524 2440 601 2510; x_wconf 88' lang='lat' dir='ltr'>quod</span> <span class='ocrx_word' id='word_1_80' title='bbox 611 2446 710 2495; x_wconf 90' lang='lat' dir='ltr'>contra</span> <span class='ocrx_word' id='word_1_81' title='bbox 720 2441 861 2509; x_wconf 89' lang='lat' dir='ltr'>quandam</span> <span class='ocrx_word' id='word_1_82' title='bbox 871 2438 990 2496; x_wconf 87' lang='lat' dir='ltr'>Gelliam</span> <span class='ocrx_word' id='word_1_83' title='bbox 1003 2442 1119 2511; x_wconf 89' lang='lat' dir='ltr'>scripsit</span> <span class='ocrx_word' id='word_1_84' title='bbox 1126 2441 1212 2512; x_wconf 86' lang='lat' dir='ltr'>hujus</span> <span class='ocrx_word' id='word_1_85' title='bbox 1226 2447 1324 2501; x_wconf 89' lang='lat' dir='ltr'>modi:</span> 
     </span>
    </p>

    <p class='ocr_par' dir='ltr' id='par_1_5' title="bbox 352 2524 1173 2680">
     <span class='ocr_line' id='line_1_15' title="bbox 352 2524 1173 2594; baseline 0 -14"><span class='ocrx_word' id='word_1_86' title='bbox 352 2524 422 2581; x_wconf 82' lang='lat' dir='ltr'>Cum</span> <span class='ocrx_word' id='word_1_87' title='bbox 439 2526 563 2594; x_wconf 89' lang='lat' dir='ltr'>leporem</span> <span class='ocrx_word' id='word_1_88' title='bbox 582 2527 678 2592; x_wconf 88' lang='lat' dir='ltr'>mittis,</span> <span class='ocrx_word' id='word_1_89' title='bbox 697 2541 808 2594; x_wconf 90' lang='lat' dir='ltr'>semper</span> <span class='ocrx_word' id='word_1_90' title='bbox 824 2527 902 2591; x_wconf 88' lang='lat' dir='ltr'>mihi,</span> <span class='ocrx_word' id='word_1_91' title='bbox 923 2526 1023 2593; x_wconf 86' lang='lat' dir='ltr'>Gellia,</span> <span class='ocrx_word' id='word_1_92' title='bbox 1041 2529 1173 2584; x_wconf 88' lang='lat' dir='ltr'>mandas:</span> 
     </span>
     <span class='ocr_line' id='line_1_16' title="bbox 387 2611 1011 2680; baseline 0.003 -14"><span class='ocrx_word' id='word_1_93' title='bbox 387 2611 512 2680; x_wconf 73' lang='lat' dir='ltr'>»Septem</span> <span class='ocrx_word' id='word_1_94' title='bbox 531 2611 679 2677; x_wconf 83' lang='lat' dir='ltr'>formosus,</span> <span class='ocrx_word' id='word_1_95' title='bbox 697 2612 797 2678; x_wconf 91' lang='lat' dir='ltr'>Marce,</span> <span class='ocrx_word' id='word_1_96' title='bbox 817 2613 918 2668; x_wconf 90' lang='lat' dir='ltr'>diebus</span> <span class='ocrx_word' id='word_1_97' title='bbox 936 2614 1011 2668; x_wconf 77' lang='lat' dir='ltr'>eris«</span> 
     </span>
    </p>

    <p class='ocr_par' dir='ltr' id='par_1_6' title="bbox 351 2695 1024 2852">
     <span class='ocr_line' id='line_1_17' title="bbox 351 2695 1024 2763; baseline 0.003 -11"><span class='ocrx_word' id='word_1_98' title='bbox 351 2697 380 2752; x_wconf 88' lang='lat' dir='ltr'>Si</span> <span class='ocrx_word' id='word_1_99' title='bbox 399 2713 494 2753; x_wconf 90' lang='lat' dir='ltr'>verum</span> <span class='ocrx_word' id='word_1_100' title='bbox 513 2697 593 2762; x_wconf 72' lang='lat' dir='ltr'>diets,</span> <span class='ocrx_word' id='word_1_101' title='bbox 613 2698 759 2762; x_wconf 72' lang='lat' dir='ltr'>sicerum,</span> <span class='ocrx_word' id='word_1_102' title='bbox 778 2695 878 2758; x_wconf 80' lang='lat' dir='ltr'>Gellia,</span> <span class='ocrx_word' id='word_1_103' title='bbox 899 2697 1024 2763; x_wconf 88' lang='lat' dir='ltr'>mandas,</span> 
     </span>
     <span class='ocr_line' id='line_1_18' title="bbox 384 2781 965 2852; baseline -0.002 -16"><span class='ocrx_word' id='word_1_104' title='bbox 384 2783 477 2838; x_wconf 85' lang='lat' dir='ltr'>Edisti</span> <span class='ocrx_word' id='word_1_105' title='bbox 495 2798 646 2852; x_wconf 87' lang='lat' dir='ltr'>nunquam,</span> <span class='ocrx_word' id='word_1_106' title='bbox 666 2781 765 2849; x_wconf 87' lang='lat' dir='ltr'>Gellia,</span> <span class='ocrx_word' id='word_1_107' title='bbox 784 2790 816 2839; x_wconf 90' lang='lat' dir='ltr'>tu</span> <span class='ocrx_word' id='word_1_108' title='bbox 833 2783 965 2852; x_wconf 87' lang='lat' dir='ltr'>leporem.</span> 
     </span>
    </p>
   </div>
   <div class='ocr_carea' id='block_1_5' title="bbox 171 2982 1321 4775">
    <p class='ocr_par' dir='ltr' id='par_1_7' title="bbox 175 2982 1321 3227">
     <span class='ocr_line' id='line_1_19' title="bbox 178 2982 1318 3058; baseline 0.002 -11"><span class='ocrx_word' id='word_1_109' title='bbox 178 3008 250 3048; x_wconf 88' lang='lat' dir='ltr'>men.</span> <span class='ocrx_word' id='word_1_110' title='bbox 287 2991 366 3045; x_wconf 85' lang='lat' dir='ltr'>Ruso</span> <span class='ocrx_word' id='word_1_111' title='bbox 384 2991 424 3045; x_wconf 88' lang='lat' dir='ltr'>ist</span> <span class='ocrx_word' id='word_1_112' title='bbox 441 2989 487 3044; x_wconf 92' lang='lat' dir='ltr'>eiu</span> <span class='ocrx_word' id='word_1_113' title='bbox 506 3004 663 3058; x_wconf 74' lang='lat' dir='ltr'>cognomen</span> <span class='ocrx_word' id='word_1_114' title='bbox 681 2988 731 3043; x_wconf 91' lang='lat' dir='ltr'>der</span> <span class='ocrx_word' id='word_1_115' title='bbox 748 2989 883 3045; x_wconf 86' lang='lat' dir='ltr'>Cremutii</span> <span class='ocrx_word' id='word_1_116' title='bbox 900 2991 959 3045; x_wconf 92' lang='lat' dir='ltr'>und</span> <span class='ocrx_word' id='word_1_117' title='bbox 977 2989 1102 3046; x_wconf 83' lang='lat' dir='ltr'>Calvisii.</span> <span class='ocrx_word' id='word_1_118' title='bbox 1130 2988 1175 3045; x_wconf 84' lang='lat' dir='ltr'>SG</span> <span class='ocrx_word' id='word_1_119' title='bbox 1193 2982 1318 3049; x_wconf 82' lang='grc'><strong>111415.</strong></span> 
     </span>
     <span class='ocr_line' id='line_1_20' title="bbox 175 3073 1321 3148; baseline 0.002 -15"><span class='ocrx_word' id='word_1_120' title='bbox 175 3078 242 3148; x_wconf 79' lang='lat' dir='ltr'>Vgl.</span> <span class='ocrx_word' id='word_1_121' title='bbox 273 3074 388 3133; x_wconf 81' lang='lat' dir='ltr'>Asbach</span> <span class='ocrx_word' id='word_1_122' title='bbox 419 3073 652 3130; x_wconf 84' lang='lat' dir='ltr'>Consularfasten</span> <span class='ocrx_word' id='word_1_123' title='bbox 682 3076 783 3126; x_wconf 83' lang='grc'>68-96</span> <span class='ocrx_word' id='word_1_124' title='bbox 812 3075 924 3130; x_wconf 83' lang='lat' dir='ltr'>Rheinl.</span> <span class='ocrx_word' id='word_1_125' title='bbox 953 3075 1070 3132; x_wconf 87' lang='lat' dir='ltr'>Jahrbb.</span> <span class='ocrx_word' id='word_1_126' title='bbox 1098 3074 1217 3131; x_wconf 87' lang='lat' dir='ltr'>LXXIX</span> <span class='ocrx_word' id='word_1_127' title='bbox 1249 3082 1321 3134; x_wconf 82' lang='lat'>1885</span> 
     </span>
     <span class='ocr_line' id='line_1_21' title="bbox 178 3160 646 3227; baseline -0.004 -11"><span class='ocrx_word' id='word_1_128' title='bbox 178 3164 205 3220; x_wconf 87' lang='lat' dir='ltr'>S.</span> <span class='ocrx_word' id='word_1_129' title='bbox 226 3166 273 3216; x_wconf 81' lang='lat'>152</span> <span class='ocrx_word' id='word_1_130' title='bbox 286 3162 306 3218; x_wconf 85' lang='grc'><strong>1.</strong></span> <span class='ocrx_word' id='word_1_131' title='bbox 329 3163 368 3227; x_wconf 79' lang='lat' dir='ltr'>(P.</span> <span class='ocrx_word' id='word_1_132' title='bbox 387 3160 528 3216; x_wconf 82' lang='lat' dir='ltr'>Calvisius</span> <span class='ocrx_word' id='word_1_133' title='bbox 546 3161 646 3224; x_wconf 82' lang='lat' dir='ltr'>Ruso).</span> 
     </span>
    </p>

    <p class='ocr_par' dir='ltr' id='par_1_8' title="bbox 175 3244 1319 3578">
     <span class='ocr_line' id='line_1_22' title="bbox 245 3244 1319 3312; baseline 0.003 -11"><span class='ocrx_word' id='word_1_134' title='bbox 245 3252 268 3301; x_wconf 85' lang='lat'>5.</span> <span class='ocrx_word' id='word_1_135' title='bbox 287 3249 404 3302; x_wconf 77' lang='lat' dir='ltr'>Macros.</span> <span class='ocrx_word' id='word_1_136' title='bbox 440 3245 570 3302; x_wconf 84' lang='lat' dir='ltr'>GemeInt</span> <span class='ocrx_word' id='word_1_137' title='bbox 590 3246 629 3302; x_wconf 89' lang='lat' dir='ltr'>ist</span> <span class='ocrx_word' id='word_1_138' title='bbox 650 3244 884 3301; x_wconf 87' lang='lat' dir='ltr'>wahrscheinlich</span> <span class='ocrx_word' id='word_1_139' title='bbox 907 3247 957 3301; x_wconf 90' lang='lat' dir='ltr'>der</span> <span class='ocrx_word' id='word_1_140' title='bbox 974 3246 1075 3312; x_wconf 89' lang='lat' dir='ltr'>Macer,</span> <span class='ocrx_word' id='word_1_141' title='bbox 1100 3264 1137 3303; x_wconf 91' lang='lat' dir='ltr'>an</span> <span class='ocrx_word' id='word_1_142' title='bbox 1155 3247 1211 3303; x_wconf 91' lang='lat' dir='ltr'>deu</span> <span class='ocrx_word' id='word_1_143' title='bbox 1234 3249 1264 3303; x_wconf 92' lang='lat' dir='ltr'>X</span> <span class='ocrx_word' id='word_1_144' title='bbox 1285 3255 1319 3305; x_wconf 81' lang='grc'><strong>17</strong></span> 
     </span>
     <span class='ocr_line' id='line_1_23' title="bbox 175 3330 1316 3404; baseline -0.004 -11"><span class='ocrx_word' id='word_1_145' title='bbox 175 3336 235 3393; x_wconf 90' lang='lat' dir='ltr'>und</span> <span class='ocrx_word' id='word_1_146' title='bbox 247 3339 279 3389; x_wconf 85' lang='grc'><strong>18</strong></span> <span class='ocrx_word' id='word_1_147' title='bbox 292 3333 433 3404; x_wconf 83' lang='lat' dir='ltr'>gerichtct</span> <span class='ocrx_word' id='word_1_148' title='bbox 450 3333 522 3396; x_wconf 89' lang='lat' dir='ltr'>sind,</span> <span class='ocrx_word' id='word_1_149' title='bbox 540 3348 584 3386; x_wconf 87' lang='lat' dir='ltr'>wo</span> <span class='ocrx_word' id='word_1_150' title='bbox 603 3346 633 3385; x_wconf 90' lang='lat' dir='ltr'>er</span> <span class='ocrx_word' id='word_1_151' title='bbox 651 3330 790 3387; x_wconf 83' lang='lat' dir='ltr'>ebenfalls</span> <span class='ocrx_word' id='word_1_152' title='bbox 809 3331 851 3386; x_wconf 91' lang='lat' dir='ltr'>als</span> <span class='ocrx_word' id='word_1_153' title='bbox 864 3330 1070 3387; x_wconf 84' lang='lat' dir='ltr'>reehtschaffen</span> <span class='ocrx_word' id='word_1_154' title='bbox 1088 3332 1217 3402; x_wconf 82' lang='lat' dir='ltr'>gerdhmt</span> <span class='ocrx_word' id='word_1_155' title='bbox 1230 3337 1316 3393; x_wconf 79' lang='lat' dir='ltr'>uird.</span> 
     </span>
     <span class='ocr_line' id='line_1_24' title="bbox 175 3416 1318 3489; baseline 0 -11"><span class='ocrx_word' id='word_1_156' title='bbox 175 3422 256 3478; x_wconf 85' lang='lat' dir='ltr'>Nach</span> <span class='ocrx_word' id='word_1_157' title='bbox 274 3420 301 3473; x_wconf 89' lang='lat' dir='ltr'>X</span> <span class='ocrx_word' id='word_1_158' title='bbox 321 3422 350 3472; x_wconf 83' lang='grc'>11</span> <span class='ocrx_word' id='word_1_159' title='bbox 369 3433 428 3473; x_wconf 85' lang='lat' dir='ltr'>war</span> <span class='ocrx_word' id='word_1_160' title='bbox 445 3433 474 3473; x_wconf 90' lang='lat' dir='ltr'>er</span> <span class='ocrx_word' id='word_1_161' title='bbox 493 3423 605 3473; x_wconf 88' lang='lat' dir='ltr'>curator</span> <span class='ocrx_word' id='word_1_162' title='bbox 622 3417 687 3472; x_wconf 82' lang='lat' dir='ltr'>viae</span> <span class='ocrx_word' id='word_1_163' title='bbox 704 3416 827 3485; x_wconf 85' lang='lat' dir='ltr'>Appiae,</span> <span class='ocrx_word' id='word_1_164' title='bbox 846 3418 922 3471; x_wconf 93' lang='lat' dir='ltr'>dann</span> <span class='ocrx_word' id='word_1_165' title='bbox 939 3417 1100 3472; x_wconf 79' lang='grc'><strong>00011118</strong></span> <span class='ocrx_word' id='word_1_166' title='bbox 1118 3418 1231 3489; x_wconf 77' lang='lat' dir='ltr'>legatus</span> <span class='ocrx_word' id='word_1_167' title='bbox 1251 3422 1318 3478; x_wconf 85' lang='lat' dir='ltr'>Au-</span> 
     </span>
     <span class='ocr_line' id='line_1_25' title="bbox 176 3501 927 3578; baseline -0.009 -15"><span class='ocrx_word' id='word_1_168' title='bbox 176 3507 253 3578; x_wconf 76' lang='lat' dir='ltr'>gusti</span> <span class='ocrx_word' id='word_1_169' title='bbox 272 3521 323 3576; x_wconf 90' lang='lat' dir='ltr'>pro</span> <span class='ocrx_word' id='word_1_170' title='bbox 342 3503 520 3573; x_wconf 81' lang='lat' dir='ltr'>praetorem</span> <span class='ocrx_word' id='word_1_171' title='bbox 537 3501 707 3558; x_wconf 88' lang='lat' dir='ltr'>Dalmatien.</span> <span class='ocrx_word' id='word_1_172' title='bbox 742 3501 789 3557; x_wconf 83' lang='lat' dir='ltr'>SG</span> <span class='ocrx_word' id='word_1_173' title='bbox 807 3518 832 3557; x_wconf 86' lang='lat' dir='ltr'>a.</span> <span class='ocrx_word' id='word_1_174' title='bbox 850 3518 875 3557; x_wconf 91' lang='lat' dir='ltr'>a.</span> <span class='ocrx_word' id='word_1_175' title='bbox 896 3502 927 3557; x_wconf 93' lang='lat'>0.</span> 
     </span>
    </p>

    <p class='ocr_par' dir='ltr' id='par_1_9' title="bbox 179 3587 1316 3744">
     <span class='ocr_line' id='line_1_26' title="bbox 243 3587 1316 3657; baseline 0.006 -13"><span class='ocrx_word' id='word_1_176' title='bbox 243 3591 391 3645; x_wconf 78' lang='lat' dir='ltr'>Mauricos.</span> <span class='ocrx_word' id='word_1_177' title='bbox 414 3589 471 3644; x_wconf 90' lang='lat' dir='ltr'>Der</span> <span class='ocrx_word' id='word_1_178' title='bbox 489 3589 550 3643; x_wconf 90' lang='lat' dir='ltr'>hier</span> <span class='ocrx_word' id='word_1_179' title='bbox 566 3588 706 3657; x_wconf 80' lang='lat' dir='ltr'>gemeinte</span> <span class='ocrx_word' id='word_1_180' title='bbox 719 3587 818 3643; x_wconf 87' lang='lat' dir='ltr'>Iunius</span> <span class='ocrx_word' id='word_1_181' title='bbox 829 3587 969 3643; x_wconf 86' lang='lat' dir='ltr'>Mauricus</span> <span class='ocrx_word' id='word_1_182' title='bbox 987 3588 1072 3655; x_wconf 83' lang='lat' dir='ltr'>kann,</span> <span class='ocrx_word' id='word_1_183' title='bbox 1091 3591 1133 3645; x_wconf 89' lang='lat' dir='ltr'>als</span> <span class='ocrx_word' id='word_1_184' title='bbox 1152 3590 1214 3647; x_wconf 85' lang='lat' dir='ltr'>diss</span> <span class='ocrx_word' id='word_1_185' title='bbox 1225 3591 1316 3650; x_wconf 89' lang='lat' dir='ltr'>Buch</span> 
     </span>
     <span class='ocr_line' id='line_1_27' title="bbox 179 3673 1145 3744; baseline -0.006 -11"><span class='ocrx_word' id='word_1_186' title='bbox 179 3679 225 3744; x_wconf 73' lang='lat' dir='ltr'>[iun</span> <span class='ocrx_word' id='word_1_187' title='bbox 242 3676 346 3733; x_wconf 88' lang='lat' dir='ltr'>llerbst</span> <span class='ocrx_word' id='word_1_188' title='bbox 364 3677 405 3739; x_wconf 81' lang='grc'>89)</span> <span class='ocrx_word' id='word_1_189' title='bbox 424 3675 561 3738; x_wconf 76' lang='lat' dir='ltr'>erachiam</span> <span class='ocrx_word' id='word_1_190' title='bbox 579 3673 654 3728; x_wconf 91' lang='lat' dir='ltr'>noch</span> <span class='ocrx_word' id='word_1_191' title='bbox 672 3674 753 3728; x_wconf 88' lang='lat' dir='ltr'>nicht</span> <span class='ocrx_word' id='word_1_192' title='bbox 771 3674 911 3729; x_wconf 86' lang='lat' dir='ltr'>verbanut</span> <span class='ocrx_word' id='word_1_193' title='bbox 927 3689 1057 3743; x_wconf 81' lang='lat' dir='ltr'>gewcsen</span> <span class='ocrx_word' id='word_1_194' title='bbox 1076 3675 1145 3731; x_wconf 92' lang='lat' dir='ltr'>sein.</span> 
     </span>
    </p>

    <p class='ocr_par' dir='ltr' id='par_1_10' title="bbox 244 3759 586 3831">
     <span class='ocr_line' id='line_1_28' title="bbox 244 3759 586 3831; baseline -0.006 -16"><span class='ocrx_word' id='word_1_195' title='bbox 244 3767 268 3815; x_wconf 87' lang='grc'>6.</span> <span class='ocrx_word' id='word_1_196' title='bbox 292 3762 417 3831; x_wconf 79' lang='lat' dir='ltr'>Repuloc.</span> <span class='ocrx_word' id='word_1_197' title='bbox 454 3759 526 3814; x_wconf 89' lang='grc' dir='ltr'>ΖοΙ</span> <span class='ocrx_word' id='word_1_198' title='bbox 547 3761 586 3813; x_wconf 80' lang='lat' dir='ltr'>It.</span> 
     </span>
    </p>

    <p class='ocr_par' dir='ltr' id='par_1_11' title="bbox 174 3844 1318 3992">
     <span class='ocr_line' id='line_1_29' title="bbox 245 3844 1318 3914; baseline 0.006 -12"><span class='ocrx_word' id='word_1_199' title='bbox 245 3849 351 3902; x_wconf 79' lang='lat' dir='ltr'>Paulos.</span> <span class='ocrx_word' id='word_1_200' title='bbox 388 3844 470 3900; x_wconf 90' lang='lat' dir='ltr'>Auch</span> <span class='ocrx_word' id='word_1_201' title='bbox 493 3846 543 3901; x_wconf 88' lang='lat' dir='ltr'>der</span> <span class='ocrx_word' id='word_1_202' title='bbox 566 3845 626 3900; x_wconf 89' lang='lat' dir='ltr'>hier</span> <span class='ocrx_word' id='word_1_203' title='bbox 644 3844 784 3914; x_wconf 80' lang='lat' dir='ltr'>gemeinte</span> <span class='ocrx_word' id='word_1_204' title='bbox 804 3844 909 3901; x_wconf 90' lang='lat' dir='ltr'>Paulus</span> <span class='ocrx_word' id='word_1_205' title='bbox 928 3845 966 3901; x_wconf 92' lang='lat' dir='ltr'>ist</span> <span class='ocrx_word' id='word_1_206' title='bbox 983 3846 1064 3902; x_wconf 89' lang='lat' dir='ltr'>nicht</span> <span class='ocrx_word' id='word_1_207' title='bbox 1081 3847 1131 3902; x_wconf 90' lang='lat' dir='ltr'>mit</span> <span class='ocrx_word' id='word_1_208' title='bbox 1149 3846 1318 3908; x_wconf 89' lang='lat' dir='ltr'>Sioherheit</span> 
     </span>
     <span class='ocr_line' id='line_1_30' title="bbox 174 3934 400 3992; baseline -0.035 0"><span class='ocrx_word' id='word_1_209' title='bbox 174 3953 210 3992; x_wconf 84' lang='lat' dir='ltr'>zu</span> <span class='ocrx_word' id='word_1_210' title='bbox 226 3934 400 3992; x_wconf 77' lang='lat' dir='ltr'>bestImmen.</span> 
     </span>
    </p>

    <p class='ocr_par' dir='ltr' id='par_1_12' title="bbox 171 4014 1318 4775">
     <span class='ocr_line' id='line_1_31' title="bbox 241 4014 1318 4091; baseline 0.005 -17"><span class='ocrx_word' id='word_1_211' title='bbox 241 4017 337 4074; x_wconf 89' lang='lat' dir='ltr'>XXIX</span> <span class='ocrx_word' id='word_1_212' title='bbox 357 4021 378 4069; x_wconf 95' lang='grc'><strong>1.</strong></span> <span class='ocrx_word' id='word_1_213' title='bbox 397 4018 421 4067; x_wconf 82' lang='lat'>2.</span> <span class='ocrx_word' id='word_1_214' title='bbox 454 4014 622 4070; x_wconf 77' lang='grc' dir='ltr'><strong>Ρ110.11.1ι.</strong></span> <span class='ocrx_word' id='word_1_215' title='bbox 643 4014 767 4068; x_wconf 91' lang='lat' dir='ltr'>XXVIII</span> <span class='ocrx_word' id='word_1_216' title='bbox 786 4016 835 4068; x_wconf 76' lang='lat'>260</span> <span class='ocrx_word' id='word_1_217' title='bbox 860 4032 974 4072; x_wconf 90' lang='lat' dir='ltr'>somnos</span> <span class='ocrx_word' id='word_1_218' title='bbox 992 4016 1052 4072; x_wconf 87' lang='lat' dir='ltr'>fieri</span> <span class='ocrx_word' id='word_1_219' title='bbox 1075 4018 1171 4087; x_wconf 89' lang='lat' dir='ltr'>lepore</span> <span class='ocrx_word' id='word_1_220' title='bbox 1195 4032 1318 4091; x_wconf 90' lang='lat' dir='ltr'>sumpto</span> 
     </span>
     <span class='ocr_line' id='line_1_32' title="bbox 173 4102 1314 4174; baseline -0.001 -10"><span class='ocrx_word' id='word_1_221' title='bbox 173 4110 202 4164; x_wconf 94' lang='lat' dir='ltr'>in</span> <span class='ocrx_word' id='word_1_222' title='bbox 221 4107 292 4164; x_wconf 86' lang='lat' dir='ltr'>cibis</span> <span class='ocrx_word' id='word_1_223' title='bbox 311 4103 382 4160; x_wconf 83' lang='lat' dir='ltr'>Cato</span> <span class='ocrx_word' id='word_1_224' title='bbox 401 4102 597 4166; x_wconf 86' lang='lat' dir='ltr'>arbitrabatur,</span> <span class='ocrx_word' id='word_1_225' title='bbox 619 4103 721 4171; x_wconf 76' lang='lat' dir='ltr'>volgus</span> <span class='ocrx_word' id='word_1_226' title='bbox 739 4108 768 4157; x_wconf 90' lang='lat' dir='ltr'>et</span> <span class='ocrx_word' id='word_1_227' title='bbox 785 4102 904 4171; x_wconf 82' lang='lat' dir='ltr'>gratiam</span> <span class='ocrx_word' id='word_1_228' title='bbox 923 4103 1051 4171; x_wconf 91' lang='lat' dir='ltr'>corporis</span> <span class='ocrx_word' id='word_1_229' title='bbox 1068 4105 1098 4158; x_wconf 84' lang='lat' dir='ltr'>In</span> <span class='ocrx_word' id='word_1_230' title='bbox 1115 4120 1217 4159; x_wconf 86' lang='lat' dir='ltr'>novem</span> <span class='ocrx_word' id='word_1_231' title='bbox 1236 4108 1314 4174; x_wconf 89' lang='lat' dir='ltr'>dies,</span> 
     </span>
     <span class='ocr_line' id='line_1_33' title="bbox 172 4188 1317 4263; baseline 0 -14"><span class='ocrx_word' id='word_1_232' title='bbox 172 4193 275 4249; x_wconf 81' lang='lat' dir='ltr'>frIvolo</span> <span class='ocrx_word' id='word_1_233' title='bbox 294 4191 406 4263; x_wconf 89' lang='lat' dir='ltr'>quidem</span> <span class='ocrx_word' id='word_1_234' title='bbox 423 4189 496 4253; x_wconf 91' lang='lat' dir='ltr'>ioco,</span> <span class='ocrx_word' id='word_1_235' title='bbox 516 4188 562 4242; x_wconf 92' lang='lat' dir='ltr'>cui</span> <span class='ocrx_word' id='word_1_236' title='bbox 580 4194 674 4242; x_wconf 90' lang='lat' dir='ltr'>tamen</span> <span class='ocrx_word' id='word_1_237' title='bbox 691 4188 788 4258; x_wconf 89' lang='lat' dir='ltr'>aliqua</span> <span class='ocrx_word' id='word_1_238' title='bbox 805 4189 922 4244; x_wconf 89' lang='lat' dir='ltr'>subesse</span> <span class='ocrx_word' id='word_1_239' title='bbox 940 4189 1044 4244; x_wconf 89' lang='lat' dir='ltr'>debeat</span> <span class='ocrx_word' id='word_1_240' title='bbox 1062 4206 1163 4246; x_wconf 88' lang='lat' dir='ltr'>caussa</span> <span class='ocrx_word' id='word_1_241' title='bbox 1181 4191 1211 4245; x_wconf 92' lang='lat' dir='ltr'>in</span> <span class='ocrx_word' id='word_1_242' title='bbox 1228 4199 1317 4250; x_wconf 87' lang='lat' dir='ltr'>tanta</span> 
     </span>
     <span class='ocr_line' id='line_1_34' title="bbox 173 4272 1317 4349; baseline -0.002 -13"><span class='ocrx_word' id='word_1_243' title='bbox 173 4278 365 4349; x_wconf 88' lang='lat' dir='ltr'>persuasione.</span> <span class='ocrx_word' id='word_1_244' title='bbox 395 4273 571 4329; x_wconf 68' lang='grc'><strong>11011101.</strong></span> <span class='ocrx_word' id='word_1_245' title='bbox 593 4272 687 4328; x_wconf 79' lang='lat' dir='ltr'>Seuer.</span> <span class='ocrx_word' id='word_1_246' title='bbox 709 4289 733 4328; x_wconf 90' lang='lat' dir='ltr'>o.</span> <span class='ocrx_word' id='word_1_247' title='bbox 755 4276 787 4326; x_wconf 81' lang='lat'>38</span> <span class='ocrx_word' id='word_1_248' title='bbox 806 4281 835 4330; x_wconf 90' lang='lat' dir='ltr'>et</span> <span class='ocrx_word' id='word_1_249' title='bbox 854 4275 986 4345; x_wconf 89' lang='lat' dir='ltr'>qnoniam</span> <span class='ocrx_word' id='word_1_250' title='bbox 1004 4276 1039 4330; x_wconf 90' lang='lat' dir='ltr'>de</span> <span class='ocrx_word' id='word_1_251' title='bbox 1058 4275 1214 4345; x_wconf 83' lang='lat' dir='ltr'>lepusculis</span> <span class='ocrx_word' id='word_1_252' title='bbox 1231 4277 1317 4336; x_wconf 80' lang='lat' dir='ltr'>facta</span> 
     </span>
     <span class='ocr_line' id='line_1_35' title="bbox 172 4359 1317 4430; baseline 0 -8"><span class='ocrx_word' id='word_1_253' title='bbox 172 4373 217 4422; x_wconf 96' lang='grc'>001</span> <span class='ocrx_word' id='word_1_254' title='bbox 234 4364 350 4425; x_wconf 86' lang='lat' dir='ltr'>mentio.</span> <span class='ocrx_word' id='word_1_255' title='bbox 371 4360 447 4430; x_wconf 82' lang='lat' dir='ltr'>quod</span> <span class='ocrx_word' id='word_1_256' title='bbox 465 4359 513 4413; x_wconf 91' lang='lat' dir='ltr'>ille</span> <span class='ocrx_word' id='word_1_257' title='bbox 531 4360 656 4427; x_wconf 89' lang='lat' dir='ltr'>leporem</span> <span class='ocrx_word' id='word_1_258' title='bbox 675 4359 781 4414; x_wconf 87' lang='lat' dir='ltr'>cotidie</span> <span class='ocrx_word' id='word_1_259' title='bbox 799 4359 925 4426; x_wconf 90' lang='lat' dir='ltr'>haberet,</span> <span class='ocrx_word' id='word_1_260' title='bbox 946 4361 1027 4416; x_wconf 87' lang='grc'><strong>10000</strong></span> <span class='ocrx_word' id='word_1_261' title='bbox 1046 4363 1177 4429; x_wconf 80' lang='lat' dir='ltr'>poeticus</span> <span class='ocrx_word' id='word_1_262' title='bbox 1196 4368 1317 4423; x_wconf 86' lang='lat' dir='ltr'>emersit</span> 
     </span>
     <span class='ocr_line' id='line_1_36' title="bbox 172 4445 1317 4522; baseline 0.002 -16"><span class='ocrx_word' id='word_1_263' title='bbox 172 4450 288 4512; x_wconf 87' lang='lat' dir='ltr'>idcirco,</span> <span class='ocrx_word' id='word_1_264' title='bbox 311 4447 387 4519; x_wconf 88' lang='lat' dir='ltr'>quod</span> <span class='ocrx_word' id='word_1_265' title='bbox 405 4446 486 4501; x_wconf 87' lang='lat' dir='ltr'>multi</span> <span class='ocrx_word' id='word_1_266' title='bbox 505 4451 614 4513; x_wconf 90' lang='lat' dir='ltr'>septem</span> <span class='ocrx_word' id='word_1_267' title='bbox 632 4446 733 4500; x_wconf 89' lang='lat' dir='ltr'>diebus</span> <span class='ocrx_word' id='word_1_268' title='bbox 751 4445 886 4513; x_wconf 89' lang='lat' dir='ltr'>pulchros</span> <span class='ocrx_word' id='word_1_269' title='bbox 905 4462 968 4503; x_wconf 90' lang='lat' dir='ltr'>esse</span> <span class='ocrx_word' id='word_1_270' title='bbox 987 4448 1086 4503; x_wconf 88' lang='lat' dir='ltr'>dicunt</span> <span class='ocrx_word' id='word_1_271' title='bbox 1104 4463 1153 4504; x_wconf 91' lang='lat' dir='ltr'>eos</span> <span class='ocrx_word' id='word_1_272' title='bbox 1166 4450 1215 4518; x_wconf 90' lang='grc'>001</span> <span class='ocrx_word' id='word_1_273' title='bbox 1227 4450 1317 4522; x_wconf 89' lang='lat' dir='ltr'>lepo-</span> 
     </span>
     <span class='ocr_line' id='line_1_37' title="bbox 172 4530 1317 4604; baseline 0.003 -12"><span class='ocrx_word' id='word_1_274' title='bbox 172 4553 230 4592; x_wconf 91' lang='lat' dir='ltr'>rem</span> <span class='ocrx_word' id='word_1_275' title='bbox 249 4533 430 4596; x_wconf 87' lang='lat' dir='ltr'>comederint,</span> <span class='ocrx_word' id='word_1_276' title='bbox 448 4537 481 4586; x_wconf 86' lang='lat' dir='ltr'>ut</span> <span class='ocrx_word' id='word_1_277' title='bbox 492 4530 628 4586; x_wconf 82' lang='lat' dir='ltr'>MartiaIIs</span> <span class='ocrx_word' id='word_1_278' title='bbox 646 4532 731 4585; x_wconf 89' lang='lat' dir='ltr'>etiam</span> <span class='ocrx_word' id='word_1_279' title='bbox 749 4530 922 4601; x_wconf 80' lang='lat' dir='ltr'>epigramma</span> <span class='ocrx_word' id='word_1_280' title='bbox 940 4532 1091 4602; x_wconf 80' lang='lat' dir='ltr'>significat,</span> <span class='ocrx_word' id='word_1_281' title='bbox 1112 4535 1188 4604; x_wconf 90' lang='lat' dir='ltr'>qnod</span> <span class='ocrx_word' id='word_1_282' title='bbox 1208 4547 1317 4595; x_wconf 89' lang='lat' dir='ltr'>contra</span> 
     </span>
     <span class='ocr_line' id='line_1_38' title="bbox 173 4616 1318 4692; baseline 0.003 -15"><span class='ocrx_word' id='word_1_283' title='bbox 173 4622 316 4692; x_wconf 89' lang='lat' dir='ltr'>quandam</span> <span class='ocrx_word' id='word_1_284' title='bbox 334 4617 453 4673; x_wconf 84' lang='lat' dir='ltr'>Gelliam</span> <span class='ocrx_word' id='word_1_285' title='bbox 472 4616 587 4685; x_wconf 89' lang='lat' dir='ltr'>scripsit</span> <span class='ocrx_word' id='word_1_286' title='bbox 604 4616 767 4673; x_wconf 88' lang='lat' dir='ltr'>huiusmodi</span> <span class='ocrx_word' id='word_1_287' title='bbox 782 4646 817 4656; x_wconf 92' lang='lat'><em>-</em></span> <span class='ocrx_word' id='word_1_288' title='bbox 828 4647 862 4657; x_wconf 91' lang='lat'>—</span> <span class='ocrx_word' id='word_1_289' title='bbox 874 4649 905 4657; x_wconf 97' lang='lat'>-</span> <span class='ocrx_word' id='word_1_290' title='bbox 920 4620 971 4675; x_wconf 88' lang='lat' dir='ltr'>sed</span> <span class='ocrx_word' id='word_1_291' title='bbox 990 4619 1042 4675; x_wconf 86' lang='lat' dir='ltr'>hos</span> <span class='ocrx_word' id='word_1_292' title='bbox 1060 4635 1159 4675; x_wconf 86' lang='lat' dir='ltr'>versus</span> <span class='ocrx_word' id='word_1_293' title='bbox 1171 4620 1318 4684; x_wconf 81' lang='lat' dir='ltr'>Martialis</span> 
     </span>
     <span class='ocr_line' id='line_1_39' title="bbox 171 4701 829 4775; baseline -0.009 -13"><span class='ocrx_word' id='word_1_294' title='bbox 171 4711 201 4762; x_wconf 93' lang='lat' dir='ltr'>in</span> <span class='ocrx_word' id='word_1_295' title='bbox 220 4722 291 4769; x_wconf 86' lang='lat' dir='ltr'>eam,</span> <span class='ocrx_word' id='word_1_296' title='bbox 313 4719 386 4775; x_wconf 86' lang='lat' dir='ltr'>quae</span> <span class='ocrx_word' id='word_1_297' title='bbox 404 4701 538 4758; x_wconf 83' lang='lat' dir='ltr'>deformis</span> <span class='ocrx_word' id='word_1_298' title='bbox 556 4709 640 4768; x_wconf 90' lang='lat' dir='ltr'>esset,</span> <span class='ocrx_word' id='word_1_299' title='bbox 660 4703 829 4771; x_wconf 87' lang='lat' dir='ltr'>composuit.</span> 
     </span>
    </p>
   </div>
   <div class='ocr_carea' id='block_1_6' title="bbox 242 4787 695 4858">
    <p class='ocr_par' dir='ltr' id='par_1_13' title="bbox 242 4787 695 4858">
     <span class='ocr_line' id='line_1_40' title="bbox 242 4787 695 4858; baseline -0.007 -15"><span class='ocrx_word' id='word_1_300' title='bbox 242 4794 265 4843; x_wconf 81' lang='lat'>3.</span> <span class='ocrx_word' id='word_1_301' title='bbox 285 4793 331 4845; x_wconf 77' lang='lat' dir='ltr'>luc</span> <span class='ocrx_word' id='word_1_302' title='bbox 349 4808 415 4843; x_wconf 81' lang='lat' dir='ltr'>mea.</span> <span class='ocrx_word' id='word_1_303' title='bbox 453 4788 516 4858; x_wconf 80' lang='lat' dir='ltr'>vgl.</span> <span class='ocrx_word' id='word_1_304' title='bbox 536 4787 592 4842; x_wconf 90' lang='lat' dir='ltr'>VII</span> <span class='ocrx_word' id='word_1_305' title='bbox 613 4789 651 4855; x_wconf 81' lang='grc'><strong>11,</strong></span> <span class='ocrx_word' id='word_1_306' title='bbox 674 4791 695 4840; x_wconf 82' lang='lat' dir='ltr'>I.</span> 
     </span>
    </p>
   </div>
   <div class='ocr_carea' id='block_1_7' title="bbox 0 0 1494 5414">
    <p class='ocr_par' dir='ltr' id='par_1_14' title="bbox 0 0 1494 5414">
     <span class='ocr_line' id='line_1_41' title="bbox 0 0 1494 5414; baseline 0 2"><span class='ocrx_word' id='word_1_307' title='bbox 0 0 1494 5414; x_wconf 95' lang='lat' dir='ltr'> </span> 
     </span>
    </p>
   </div>
  </div>
 </body>
</html>
