2978 5414
192 746 253 810 232
595 746 634 800 M.
654 747 760 804 Valerii
778 749 914 804 Martialis

312 917 445 1001 Ingenio
469 919 575 1001 pictas
597 939 658 984 nec
679 922 784 986 minor
806 922 879 1006 ipsa
901 942 974 988 suo:

265 1028 397 1113 Ignorat
418 1031 541 1095 meritis
564 1029 642 1097 dare
665 1052 807 1110 munera,
832 1034 888 1115 qui
910 1034 969 1099 tibi
992 1034 1109 1100 librum

312 1141 353 1205 Et
376 1143 432 1223 qui
454 1143 597 1221 miratur,
622 1144 756 1228 Regale,
780 1151 852 1210 tura
875 1144 956 1210 dari.

703 1273 803 1338 CXII.

270 1382 351 1447 Cum
374 1390 406 1447 te
428 1403 493 1448 non
514 1402 653 1461 nossem,
678 1383 842 1450 dominum
864 1405 1039 1470 regemque
1061 1386 1231 1452 vocabam:

312 1493 406 1559 Nunc
428 1494 512 1559 bene
534 1502 566 1560 te
589 1496 679 1561 novi:
704 1497 769 1561 iam
792 1496 870 1561 mihi
894 1497 1029 1595 Priscus
1047 1499 1119 1564 eris.

688 1616 807 1682 CXIII.

268 1722 489 1808 Quaecunque
512 1726 575 1791 lusi
598 1728 725 1793 iuvenis
749 1735 781 1793 et
802 1749 883 1813 puer
906 1728 1068 1811 quondam

267 1836 456 1920 Apinasque
479 1845 616 1917 nostras,
640 1857 721 1921 quas
743 1859 803 1905 nee
825 1841 896 1924 ipse
918 1842 984 1905 iam
1006 1842 1090 1920 novi,

266 1949 353 2015 Male
377 1948 536 2015 collocare
558 1951 586 2014 si
609 1950 710 2016 bonas
733 1952 823 2017 voles
846 1951 943 2017 horas

266 2062 307 2126 Et
330 2059 491 2126 invidebis
514 2062 579 2127 otio
602 2069 669 2143 tuo,
694 2063 803 2143 lector,

225 2183 241 2236 5
266 2174 295 2237 A
317 2172 491 2237 Valeriano
514 2172 619 2240 Pollio
641 2182 734 2258 petes
757 2173 885 2252 Quinto,

265 2285 328 2350 Per
350 2303 446 2366 quem
468 2285 574 2369 perire
596 2305 660 2351 non
683 2285 760 2352 Iicct
781 2288 862 2352 meis
886 2289 989 2371 nugis.

283 2420 378 2478 CXIII
398 2424 421 2474 5.
440 2420 532 2476 Pollio
552 2441 572 2474 ω
593 2423 680 2475 Scho¹
699 2424 806 2492 lopolio
827 2426 854 2478 P
868 2424 949 2479 Polio
969 2423 1063 2477 Scine

182 2510 387 2521 ----

281 2541 369 2607 (CXII
388 2541 526 2608 Querolus
547 2542 684 2608 [Klinkhq
704 2546 749 2597 101
771 2534 870 2600 Mirum
882 2544 945 2610 hoc,
965 2544 989 2600 si
1002 2544 1133 2613 despicit,
1153 2545 1201 2615 qui
1217 2546 1312 2613 novit;

179 2631 227 2702 qui
245 2645 302 2686 non
320 2627 410 2693 novit,
431 2627 550 2698 diligiti)

281 2714 377 2770 CXIII
392 2719 415 2768 1.
435 2713 517 2768 01111.
526 2714 573 2769 Tr.
583 2715 626 2769 III
635 2718 680 2780 1‚7
691 2716 768 2786 quod
776 2716 861 2771 viridi
874 2715 1016 2786 quondam
1027 2715 1100 2770 male
1107 2715 1176 2771 lusit
1188 2716 1217 2770 in
1230 2731 1313 2771 aero.

246 2840 270 2889 2.
299 2833 403 2905 iopenio
425 2863 461 2872 —
481 2852 537 2889 aaa.
578 2834 759 2891 IFGronov.:
792 2836 908 2906 ingenio
941 2852 1007 2901 suo,
1039 2836 1115 2906 quod
1138 2836 1202 2904 ipsa
1226 2852 1315 2891 occu-

177 2924 259 2994 pavit
277 2921 451 2991 obtinetque.
485 2918 532 2975 Sic
551 2919 573 2986 [I
591 2923 644 2985 6,3
662 2920 744 2977 Nunc
763 2939 816 2977 sua
833 2920 989 2977 Caesareos
1008 2928 1107 2977 exorat
1124 2921 1232 2990 praeda
1253 2922 1314 2978 leo-

177 3013 248 3076 nes]
286 3008 383 3072 lie,2
403 3006 490 3076 Inque
509 3021 577 3061 euos
595 3005 692 3062 vultus
711 3014 838 3077 serperet
855 3013 918 3063 atra
934 3009 1004 3072 lues,
1022 3007 1041 3061 ἰ.
1056 3023 1080 3063 1.
1105 3008 1166 3062 eius
1184 3007 1313 3071 hominis.

178 3096 260 3151 cuins
278 3109 384 3162 corpus
403 3092 555 3148 invaserat
572 3122 608 3131 —
632 3090 679 3148 Sic
703 3095 781 3163 apud
803 3093 935 3149 Ovidium
957 3093 1035 3158 (Nnc.
1059 3095 1115 3157 154)
1141 3093 1177 3148 Ε1
1209 3093 1315 3149 crimen

176 3198 233 3237 vox
260 3185 304 3235 est
325 3178 453 3233 inficiata
471 3193 561 3234 suurn.
600 3178 647 3245 [Et
670 3177 790 3236 Statium
815 3178 851 3247 [S.
871 3180 898 3235 V
917 3181 941 3246 1,
964 3182 1002 3244 11)
1036 3184 1157 3234 mentem
1181 3195 1233 3234 sua
1257 3196 1315 3235 uon

180 3268 259 3336 capit
271 3263 399 3330 aetas.]*)
421 3263 485 3333 Vgl.
500 3262 615 3320 Gronov
632 3264 761 3321 Diatribe
779 3265 809 3319 in
828 3264 900 3322 Stat.
911 3283 941 3335 p.
953 3267 1010 3330 320,
1035 3265 1079 3321 ed.
1098 3264 1189 3320 Hand.
1208 3281 1236 3333 p.
1254 3269 1314 3320 1911.

244 3350 332 3407 CXII.
353 3349 417 3420 Vgl.
437 3350 466 3404 II
483 3354 516 3403 68
540 3349 622 3416 Quod
647 3356 675 3406 te
699 3351 811 3406 nomine
835 3353 891 3407 iam
913 3357 964 3408 tuo
984 3351 1085 3418 saluto,
1112 3366 1193 3422 quem
1218 3366 1313 3422 regem

176 3445 206 3497 et
214 3438 357 3495 dominum
370 3437 449 3505 prius
458 3437 596 3492 vocabam
606 3442 660 3492 etc.
678 3436 714 3491 11.
729 3436 842 3503 erkliirt,
849 3438 911 3493 sich
921 3438 1076 3508 tiberuengt
1085 3452 1121 3492 11
1133 3436 1234 3501 haben,
1244 3437 1312 3493 dass

176 3527 226 3581 der
238 3540 295 3580 von
307 3523 365 3578 ihm
383 3523 425 3578 als
437 3521 542 3578 Patron
560 3521 694 3577 erwiihite
707 3522 821 3578 Priscus
840 3523 897 3587 (der
914 3523 1002 3579 Name
1018 3524 1057 3580 ist
1070 3523 1172 3593 gewiss
1185 3522 1313 3579 willlriir·

174 3610 231 3666 lich
249 3609 381 3680 gewithlt)
394 3608 441 3664 die
453 3614 704 3678 vorausgesetzten
716 3608 939 3678 Eigeusohaften
956 3610 1037 3666 nieht
1059 3609 1176 3672 besitne,
1198 3615 1313 3679 entsagt

176 3696 263 3753 daher
285 3696 391 3751 seinem
408 3693 510 3750 Dienst
533 3695 591 3750 und
614 3694 740 3750 entzieht
763 3695 820 3750 ihm
845 3695 891 3751 die
915 3695 1038 3751 ehrende
1056 3694 1177 3759 Amede,
1197 3694 1243 3749 die
1262 3695 1313 3750 der

175 3783 280 3839 Patron
298 3797 355 3836 von
374 3782 436 3836 dem
455 3779 583 3836 Clienten
601 3780 820 3848 beanspruchte.
849 3781 915 3851 Vgl.
936 3781 1031 3835 11188.
1051 3779 1096 3836 SG
1114 3781 1128 3834 I
1147 3779 1230 3834 3411.
1251 3782 1310 3836 399.

244 3867 347 3922 CXIII.
368 3870 393 3918 2.
421 3867 579 3937 Apinasque
597 3871 708 3920 sabatrae.
744 3865 811 3921 XIV
832 3870 854 3932 1,
874 3869 888 3917 'i
908 3866 980 3922 Sunt
998 3867 1101 3935 apinae
1119 3867 1263 3936 tricaeque
1283 3873 1312 3923 et

174 3955 199 4012 11
217 3954 286 4025 quid
304 3953 388 4008 vilius
406 3952 478 4009 istis.
514 3952 585 4006 Plin.
604 3952 638 4006 N.
659 3952 685 4007 h.
705 3951 748 4005 111
768 3954 828 4006 lei:
847 3951 999 4008 Diomedes
1018 3952 1056 4008 ibi
1076 3953 1116 4018 {in
1128 3951 1242 4020 Apulia)
1259 3953 1310 4009 de-

174 4039 244 4095 Ievit
260 4039 345 4095 urbes
363 4039 443 4103 duas,
468 4055 540 4109 qnae
558 4038 588 4093 in
606 4037 739 4106 proverbi
756 4037 894 4093 ludicrum
911 4043 1031 4102 vertere,
1057 4037 1180 4107 Apiuam
1200 4047 1229 4094 11
1245 4037 1311 4094 Tri·

174 4143 244 4182 cam.
280 4125 397 4194 Richtig
415 4124 485 4178 Non.
505 4140 532 4192 p.
551 4127 566 4177 8
586 4123 753 4189 (Quicherat)
773 4123 875 4180 Tricce
900 4131 966 4180 sunt
990 4124 1192 4193 impedimenta
1210 4130 1240 4179 11
1256 4124 1310 4178 im·

173 4212 343 4282 plicationes
362 4216 392 4266 et
409 4210 556 4265 intricare:
576 4210 719 4278 impedire,
739 4211 848 4265 morari.
885 4209 950 4280 Vgl.
970 4208 1083 4266 Curtius
1098 4209 1308 4280 Etymol.⁴462.

172 4298 226 4354 Die
244 4295 386 4353 Herkunit
403 4295 462 4350 und
480 4294 661 4365 Etymologie
679 4313 737 4352 von
755 4297 858 4365 apinae
877 4297 915 4352 111
933 4295 1106 4351 unbekannt.

241 4388 266 4437 5.
293 4382 368 4438 Dass
387 4381 419 4448 Q.
439 4381 548 4437 Pollius
565 4381 734 4437 Valerianus
758 4382 804 4437 die
822 4382 1072 4452 Jugendgedichte
1097 4383 1158 4437 Mis
1181 4381 1309 4451 verlcgte

174 4471 253 4534 (oder
270 4485 326 4524 neu
345 4466 496 4537 anilegte),
522 4467 642 4523 beweist
665 4485 709 4523 am
731 4468 831 4525 besten
857 4469 912 4524 don
930 4466 1039 4538 Eriolg,
1066 4467 1121 4523 den
1140 4467 1186 4523 (111
1203 4467 1309 4524 beiden

172 4562 267 4611 ersten
284 4555 396 4610 Bdoher
414 4553 520 4623 gehabt
538 4554 645 4609 hatten
682 4553 744 4623 Vgl.
764 4554 837 4609 oben
855 4552 883 4608 S.
904 4552 966 4606 111.

240 4644 266 4696 6.
286 4641 371 4710 cupio.
407 4639 505 4710 Nugas
528 4645 617 4695 neunt
633 4639 669 4693 11.
692 4640 743 4695 mit
760 4638 894 4695 Vorliebe
918 4639 992 4693 nach
1012 4638 1106 4695 Catuli
1131 4642 1164 4703 11,
1184 4641 1209 4704 1]
1229 4639 1309 4695 11111

183 4734 204 4738 Ἰ
223 4761 239 4809 ‘J
254 4759 294 4802 Die
309 4760 518 4814 eiugoklamruerten
533 4760 618 4802 Stellcu
633 4759 683 4801 sind
697 4759 827 4811 heterogeu.
861 4758 957 4802 Gilbart.
