2978 5414
375 374 606 443 Epigrammaton
624 373 707 428 Liber
725 373 753 426 11
774 375 812 437 ¹in
831 375 886 430 den
904 375 930 431 J.
949 376 1049 444 Solet).
1217 382 1281 443 245

675 547 749 612 XII.

231 659 313 724 Esse
336 658 415 740 quid
438 658 497 724 hoe
520 657 633 738 diosm,
659 659 746 740 quod
768 660 855 725 olent
878 668 933 725 tua
956 660 1049 725 basia
1072 662 1233 744 myrrham

275 769 432 852 Quodque
455 769 514 834 tibi
537 777 587 835 est
609 790 772 852 nunquam
795 791 859 836 non
881 772 1007 837 alienus
1030 771 1128 838 odori

230 882 299 947 Hoe
311 881 388 947 mihi
401 888 585 965 suspectum
598 889 655 961 ost,
669 882 755 965 quod
767 883 835 949 oles
853 882 944 953 bene.
958 884 1117 959 Postume,
1135 903 1275 969 semperz

274 993 435 1071 Postume,
462 1012 524 1058 non
547 993 628 1059 beno
653 993 718 1059 olet
740 995 795 1076 qui
818 994 900 1060 bene
923 1014 1049 1078 sornpor
1072 995 1145 1060 olet.

663 1157 756 1223 XIII.

230 1268 271 1332 Et
292 1266 390 1333 iudex
414 1271 494 1351 petit
516 1279 548 1335 et
571 1271 651 1353 petit
673 1275 837 1353 patronus.

228 1377 345 1444 Solvas
369 1400 493 1457 conseo,
519 1380 626 1459 Sexte,
651 1380 808 1446 creditori.

665 1544 753 1608 XIV.

226 1652 279 1716 Nil
304 1654 527 1738 intemptatum
551 1655 667 1727 Selius,
692 1655 737 1720 nil
760 1654 876 1737 linquit
898 1655 1055 1723 inausum.

270 1764 458 1831 Cenandum
481 1767 629 1849 quotiens
652 1767 716 1832 ism
739 1764 829 1831 videt
851 1785 923 1831 esse
946 1765 1043 1832 domi.

224 1876 333 1941 Currit
355 1877 398 1942 ad
420 1879 570 1962 Europen
593 1886 625 1943 et
648 1885 687 1956 te,
713 1878 860 1958 Pauline.
889 1884 1025 1960 tuosque

268 1987 395 2054 Laudat
417 1988 589 2067 Achilleon,
615 1988 673 2055 sed
696 1990 765 2054 sine
786 1988 860 2055 fine.
884 1988 995 2073 pedes.

242 2159 298 2214 XII
320 2163 342 2212 l.
363 2160 516 2216 Ovid.Am.
534 2162 608 2223 121
631 2163 701 2217 Esse
720 2161 788 2230 quid
808 2160 862 2215 hoo
881 2160 973 2215 dicum
989 2161 1090 2229 (Prinp.
1102 2164 1143 2219 41,
1160 2164 1168 2212 1
1191 2161 1273 2218 Velle

134 2234 207 2315 quid
226 2246 300 2301 huno
318 2247 399 2302 dicus
416 2247 553 2309 hastam)

240 2331 296 2385 XlI
314 2335 338 2386 t.
357 2331 466 2388 Auson.
488 2333 575 2402 epigr.
591 2336 622 2383 16
639 2335 697 2395 {125
710 2331 800 2397 Tell),
820 2334 835 2383 2
854 2331 912 2386 Nec
931 2332 1003 2386 mule
1026 2332 1102 2386 olore
1120 2332 1195 2394 mihi,
1215 2349 1269 2388 noo

135 2419 209 2473 beno
228 2418 304 2473 olere
323 2418 427 2486 placet.

239 2503 308 2558 xlv
329 2506 349 2556 1.
368 2503 465 2559 Horat.
486 2505 519 2560 Α.
533 2504 563 2558 Ρ.
577 2505 626 2557 235
645 2503 690 2558 Nil
709 2504 906 2573 intemptatum
924 2503 1013 2559 nostri
1032 2502 1138 2572 liquere
1157 2511 1268 2572 poetro.

135 2590 221 2660 Verg.
240 2588 275 2643 Α.
294 2589 348 2643 VII
368 2592 417 2643 308
435 2590 481 2645 Nil
500 2590 626 2659 linquere
644 2590 782 2645 inausum.

205 2745 261 2799 XII
280 2747 304 2796 4.
326 2743 486 2814 Hieronym.
505 2745 577 2814 Epp.
599 2748 646 2797 130
665 2745 718 2814 Ip.
731 2747 781 2797 995
800 2743 936 2810 (Vallum.)
955 2744 991 2800 de
1010 2744 1112 2812 quibus
1131 2743 1201 2799 illud
1215 2744 1270 2798 Ar-

133 2832 201 2886 bitri
221 2837 265 2886 est
283 2845 347 2895 ,non
365 2829 437 2885 bene
456 2861 489 2868 —
507 2846 617 2899 semper
634 2832 711 2886 olet‘

205 2985 261 3040 XII
282 2989 303 3037 l.
323 2986 389 3039 Esse
408 2986 536 3054 quidhoc
554 2987 639 3040 dicam
659 3009 690 3031 =
708 2987 735 3041 l'
757 2988 794 3049 10,
817 2988 837 3037 1.

205 3078 230 3124 3.
251 3073 275 3122 4.
313 3070 353 3125 Vl
373 3074 413 3135 55,
432 3074 447 3123 5
466 3071 540 3127 llolo
560 3088 643 3141 quum
661 3073 733 3128 bene
751 3071 834 3135 olere,
853 3070 893 3125 nil
912 3070 995 3125 olere.
1033 3070 1124 3125 Plout.
1146 3070 1267 3124 llostell.

132 3159 185 3211 330
204 3157 281 3212 oitirt
298 3172 354 3211 von
373 3156 432 3212 Cio.
450 3158 486 3212 ad
505 3157 565 3214 Att.
587 3158 615 3211 11
635 3161 657 3221 l,
678 3161 687 3210 l
710 3157 808 3212 mulier
826 3163 902 3212 reete
921 3155 986 3219 olet,
1005 3155 1054 3211 ubi
1072 3155 1111 3209 nil
1130 3155 1196 3211 olet.

203 3242 316 3296 xl112.
354 3245 439 3297 roluas
456 3272 490 3282 -
509 3243 642 3298 creditori.
671 3242 746 3298 Weil
770 3243 815 3298 die
834 3241 999 3310 Beushlnng
1017 3241 1067 3295 «lor
1085 3239 1192 3296 Selruld
1210 3257 1266 3296 we-

133 3330 214 3399 niger
232 3329 329 3385 kostot
346 3329 388 3384 uls
407 3329 452 3384 bei
471 3330 561 3385 einem
579 3345 628 3384 nur
640 3328 852 3398 Aberkennung
870 3326 1018 3383 derselben
1035 3325 1185 3397 gesslhrten
1198 3326 1267 3382 Pro-

130 3431 197 3470 eess
216 3415 262 3470 die
280 3415 462 3485 Besteehung
480 3415 531 3471 dos
548 3415 680 3470 Richters
698 3415 755 3469 und
775 3413 826 3469 das
844 3412 973 3468 Honomr
991 3412 1041 3467 des
1059 3410 1196 3467 Anwults.

203 3502 281 3557 XIV.
298 3500 363 3569 Vgl.
383 3517 418 3555 zu
434 3500 462 3553 II
485 3503 521 3555 11.

202 3589 227 3638 3.
248 3587 385 3655 Europen.
420 3586 473 3641 Die
498 3587 534 3640 im
558 3583 708 3642 Mursfelde
733 3590 809 3651 (onte
834 3583 954 3640 frontem
979 3591 1123 3652 septorum
1149 3583 1267 3650 [Jordan

131 3674 234 3728 Formo
258 3671 342 3728 Urbis
366 3687 394 3740 p.
419 3673 482 3737 313]
505 3671 532 3725 «l.
550 3671 578 3726 h.
604 3672 651 3727 bei
677 3670 726 3727 der
743 3670 848 3725 Kirehe
870 3668 897 3725 S.
917 3669 1033 3739 Ignauio
1057 3668 1202 3735 [Lonoisni
1226 3669 1265 3723 Le

130 3774 223 3828 aequo
244 3759 309 3810 1850
327 3773 355 3826 p.
378 3759 444 3823 1200
467 3773 524 3812 von
541 3756 686 3828 Agrippas
705 3755 871 3818 Schwester,
889 3753 1029 3824 Vipsania
1042 3754 1129 3818 Polls,
1149 3755 1265 3811 erbsute

130 3845 261 3915 porticus
280 3843 384 3908 Pollae,
403 3843 476 3898 nach
495 3843 585 3899 einern
604 3843 650 3898 (113
662 3841 843 3910 Entsslhrung
861 3841 911 3896 der
921 3841 1036 3910 Europa
1054 3839 1265 3896 darstellenden

130 3930 267 3988 Gemilldo
286 3930 359 3985 uuoh
378 3945 405 3998 p.
424 3928 555 3998 Europae
573 3934 706 3997 genennt.
742 3925 850 3982 Becker
868 3924 941 3995 Top.
961 3929 1019 3978 500.
1057 3923 1264 3994 Lsufllbungen

129 4020 160 4074 in
178 4016 327 4074 desselben
345 4015 472 4071 erwithnt
489 4014 524 4069 11.
543 4014 617 4071 such
635 4013 691 4068 VII
708 4015 749 4077 33,
770 4015 809 4065 11.

200 4107 225 4157 3.
244 4107 267 4155 4.
287 4101 409 4156 Pauline.
444 4100 638 4157 Vermuthlioh
657 4101 708 4155 der
726 4099 769 4154 111
787 4101 820 4151 ῖο
839 4098 1017 4168 ungeredete,
1042 4097 1091 4152 der
1116 4096 1177 4152 sloh
1202 4095 1263 4151 also

128 4190 197 4245 ‹lort
214 4189 261 4245 bei
281 4185 456 4243 Wettls'ulen
474 4186 646 4243 hervorthut.
683 4183 728 4240 SG
747 4185 759 4238 l
778 4187 836 4248 313,
857 4187 896 4236 10.

198 4279 223 4328 4.
242 4273 377 4328 Achilleos
388 4303 423 4312 -
434 4273 520 4342 podes.
549 4271 615 4343 Vgl.
635 4270 782 4327 Achilleus
796 4299 828 4308 -
841 4285 936 4325 comus
955 4270 984 4324 in
1002 4270 1092 4325 einem
1111 4267 1264 4324 iihnliohen

128 4361 300 4432 Epigramm,
319 4359 375 4416 XII
393 4361 434 4424 82,
456 4362 493 4412 10.
