2978 5414
377 389 608 460 Epigrammaton
626 390 710 447 Liber
727 391 781 446 VII
800 392 881 453 iedirt
898 393 1053 450 December
1070 397 1120 459 91).
1250 401 1313 463 495

311 563 371 626 Hie
393 582 492 647 prope
515 569 563 627 ter
585 581 681 629 senas
703 565 785 629 vixit
808 563 1028 650 Olympiadas.

266 673 332 740 Sed
355 673 515 739 festinatis
538 682 664 759 raptum
687 675 745 741 tibi
768 675 905 742 eredidit
927 679 1028 753 annis,

309 786 445 871 Aspexit
467 785 622 851 lacrimas
644 788 801 870 quisquis
824 789 967 866 Etrusoe‚
991 797 1072 855 tuas.

703 951 789 1015 XLI.

267 1061 429 1127 Cosmieos
453 1080 525 1126 esse
547 1060 614 1130 tibi.
639 1062 806 1145 Semproni
829 1063 948 1142 Tuooa,
971 1062 1105 1129 videris:

308 1172 464 1249 Cosmiea,
489 1171 666 1255 Semproni,
691 1179 756 1237 tam
779 1174 875 1251 mala,
898 1195 995 1256 quam
1017 1175 1103 1240 bona
1124 1184 1209 1242 sunt.

691 1335 792 1399 XLII.

265 1446 450 1512 Muneribus
472 1447 582 1530 oupiat
604 1448 631 1511 si
654 1448 726 1528 quis
749 1445 942 1512 contendere
965 1455 1078 1521 tonum,

307 1557 436 1623 Audeat
458 1557 510 1622 hio
533 1558 641 1623 etiam.
667 1558 819 1637 Castrioe,
844 1559 1049 1625 carminibus.

263 1671 330 1735 Nos
353 1677 466 1734 tenues
488 1670 523 1732 in
545 1676 679 1751 utroque
701 1689 810 1735 sumus
833 1671 982 1753 vinoique
1005 1673 1123 1756 parati:

306 1779 386 1846 Inde
409 1800 505 1864 sopor
527 1780 619 1845 nobis
642 1787 674 1845 et
696 1781 803 1864 plaoet
825 1781 894 1846 alta
915 1783 1019 1864 quies.

224 1901 240 1955 5
264 1893 346 1957 Tam
368 1891 456 1956 mala
479 1911 535 1956 eur
556 1893 655 1976 igitur
676 1890 821 1957 dederim
844 1891 902 1956 tibi
925 1895 1079 1969 earmina,
1104 1898 1253 1978 quaeris?

306 2003 440 2068 Alcinoo
463 2003 586 2067 nullum
609 2023 704 2087 poma
726 2001 857 2068 dedisse
879 2008 996 2086 putaui

680 2166 798 2231 XLIII.

263 2278 405 2342 Primum
428 2285 487 2353 est,
511 2284 546 2342 ut
567 2285 725 2361 praestes,
749 2279 778 2343 si
800 2276 879 2360 quid
901 2285 942 2358 te,
966 2279 1078 2359 Cinna,
1104 2281 1238 2365 rogabo;

304 2388 391 2454 illud
414 2387 531 2455 deinde
554 2408 702 2471 sequens,
727 2396 762 2454 ut
784 2389 855 2468 aito,
880 2389 993 2469 Cinna,
1017 2411 1125 2474 neges.

262 2501 372 2583 Diligo
394 2508 628 2584 praestantem
651 2520 715 2565 nou
738 2500 800 2579 odi,
824 2501 936 2579 Cinna,
961 2510 1146 2586 negantem:

305 2611 370 2677 Sed
393 2619 428 2677 tu
450 2632 510 2677 neo
532 2619 679 2695 praestas
702 2631 762 2677 neo
783 2612 854 2691 aito,
879 2613 992 2692 Cinna,
1016 2634 1128 2699 negas.

686 2774 800 2839 XLIV.

263 2887 423 2951 Maximus
446 2885 503 2950 ille
525 2892 607 2964 tuus,
632 2883 736 2965 Ovidi,
762 2886 939 2954 Caesonius
963 2890 1015 2955 hio
1037 2899 1094 2960 est.

305 2998 404 3063 Cuius
427 2996 534 3061 adhue
555 2996 679 3063 vultum
702 2996 812 3063 vivida
834 3019 908 3065 oera
930 3009 1026 3068 tenet.

278 3176 327 3229 XL
346 3181 370 3228 6.
402 3175 511 3231 Auson.
532 3176 643 3232 Parent.
667 3180 717 3241 1,1
736 3178 896 3234 Undecieus
921 3180 1001 3237 binas
1025 3182 1096 3237 vixit
1114 3182 1306 3253 Olympiadas.

278 3262 358 3316 XLII
377 3265 399 3313 4.
431 3262 515 3331 Verg.
535 3260 569 3315 A.
589 3262 628 3316 VI
646 3264 695 3315 522
714 3263 773 3318 alta
791 3265 878 3333 quies.

278 3347 370 3401 XLIV
388 3350 413 3399 2.
444 3348 526 3418 Prop.
546 3347 646 3412 11128,
666 3351 681 3401 8
699 3350 796 3404 vivido
814 3352 905 3420 signa.
936 3374 943 3385 ·

244 3508 267 3556 o.
302 3500 483 3571 Olympiadas.
515 3501 699 3572 Funfjthrigo
718 3504 883 3560 Zeitriiume.
919 3507 967 3570 (ΖΠ
986 3507 1026 3560 IV
1044 3512 1085 3573 45,
1104 3513 1138 3572 4).

245 3589 309 3642 XLI
330 3591 351 3639 1.
386 3586 523 3641 Cosmicos.
566 3588 647 3643 Etwa
665 3589 712 3642 ein
729 3589 792 3645 auis
816 3589 919 3648 seinste
934 3591 1126 3656 Perssimirter,
1152 3597 1225 3651 nach
1245 3597 1307 3651 dem

176 3672 314 3731 Gesohiift
333 3674 383 3728 des
402 3671 520 3727 Cosmus
543 3679 585 3736 (zu
604 3675 728 3740 187,.2)t
761 3676 815 3731 Die
834 3679 980 3748 sonstigeu
998 3679 1307 3750 Erklomngsversuohe

175 3762 238 3818 siud
257 3760 349 3816 sioher
367 3758 496 3814 verfehit.

243 3846 321 3900 XLII
345 3849 368 3897 2.
408 3845 531 3899 Caetrr‘oe.
578 3845 618 3899 Zu
642 3845 683 3899 VI
707 3849 749 3898 43.
788 3847 972 3919 Erwiderung
995 3850 1047 3904 aui
1066 3852 1112 3906 eiu
1135 3867 1193 3906 von
1216 3852 1306 3908 einem

174 3933 297 3989 Gedioht
314 3931 481 4000 begleitetes
500 3930 659 3986 Gesehenk.

242 4023 265 4073 6.
285 4018 450 4072 Alcinoo-
466 4036 556 4086 poma.
589 4017 653 4086 Vgl.
670 4016 741 4071 VIII
759 4021 800 4081 68,
822 4021 832 4070 l
853 4019 880 4073 X
898 4022 939 4083 94,
958 4023 972 4072 2
991 4020 1063 4073 XIII
1081 4026 1122 4077 37.

242 4105 344 4160 xnrn.
374 4103 439 4173 v31.
461 4104 560 4157 vim.

241 4191 341 4246 XLIV.
372 4190 436 4260 Vgl.
455 4189 510 4244 VII
528 4194 570 4242 15.

244 4279 265 4328 1.
297 4282 356 4330 tuas
374 4278 427 4331 wie
445 4276 472 4329 X
490 4280 531 4342 89,
552 4280 574 4330 1.
606 4276 746 4331 Litiueller
764 4293 784 4330 r.
803 4292 837 4329 ιιι.
857 4277 915 4328 331.
944 4276 1016 4332 Einl.
1036 4277 1064 4332 S.
1084 4281 1127 4332 49.

246 4363 334 4418 Ouidi.
365 4363 514 4428 2111105,
538 4366 559 4417 1.
589 4362 681 4419 Ueber
699 4361 855 4419 Caesonius
873 4362 1009 4419 Maximus
1028 4364 1127 4420 ebend.
1156 4364 1220 4434 Vgl.
1234 4367 1306 4421 auch
