<?xml version="1.0" encoding="UTF-8"?>
<!DOCTYPE html PUBLIC "-//W3C//DTD XHTML 1.0 Transitional//EN"
    "http://www.w3.org/TR/xhtml1/DTD/xhtml1-transitional.dtd">
<html xmlns="http://www.w3.org/1999/xhtml" xml:lang="en" lang="en">
 <head>
  <title>
</title>
<meta http-equiv="Content-Type" content="text/html;charset=utf-8" />
  <meta name='ocr-system' content='tesseract 3.04.00' />
  <meta name='ocr-capabilities' content='ocr_page ocr_carea ocr_par ocr_line ocrx_word'/>
</head>
<body>
  <div class='ocr_page' id='page_1' title='image "./mvaleriimartial01friegoog/mvaleriimartial01friegoog_0435.png"; bbox 0 0 2978 5414; ppageno 0'>
   <div class='ocr_carea' id='block_1_1' title="bbox 377 372 1278 444">
    <p class='ocr_par' dir='ltr' id='par_1_1' title="bbox 377 372 1278 444">
     <span class='ocr_line' id='line_1_1' title="bbox 377 372 1278 444; baseline 0.001 -16"><span class='ocrx_word' id='word_1_1' title='bbox 377 373 608 444; x_wconf 80' lang='lat' dir='ltr'>Epigrammaton</span> <span class='ocrx_word' id='word_1_2' title='bbox 626 372 710 429; x_wconf 85' lang='lat' dir='ltr'>Liber</span> <span class='ocrx_word' id='word_1_3' title='bbox 727 372 753 426; x_wconf 93' lang='lat' dir='ltr'>V</span> <span class='ocrx_word' id='word_1_4' title='bbox 775 373 858 438; x_wconf 86' lang='lat' dir='ltr'>(editt</span> <span class='ocrx_word' id='word_1_5' title='bbox 874 372 979 429; x_wconf 88' lang='lat' dir='ltr'>Herbst</span> <span class='ocrx_word' id='word_1_6' title='bbox 996 375 1048 437; x_wconf 80' lang='grc'>89).</span> <span class='ocrx_word' id='word_1_7' title='bbox 1215 378 1278 439; x_wconf 79' lang='lat'>425</span> 
     </span>
    </p>
   </div>
   <div class='ocr_carea' id='block_1_2' title="bbox 228 545 1069 743">
    <p class='ocr_par' dir='ltr' id='par_1_2' title="bbox 228 545 1069 743">
     <span class='ocr_line' id='line_1_2' title="bbox 641 545 774 610; baseline 0 0"><span class='ocrx_word' id='word_1_8' title='bbox 641 545 774 610; x_wconf 89' lang='lat' dir='ltr'>LXXII.</span> 
     </span>
     <span class='ocr_line' id='line_1_3' title="bbox 228 656 1069 743; baseline -0.002 -20"><span class='ocrx_word' id='word_1_9' title='bbox 228 658 291 738; x_wconf 84' lang='lat' dir='ltr'>Qui</span> <span class='ocrx_word' id='word_1_10' title='bbox 314 660 417 743; x_wconf 89' lang='lat' dir='ltr'>potuit</span> <span class='ocrx_word' id='word_1_11' title='bbox 438 657 557 723; x_wconf 91' lang='lat' dir='ltr'>Bacchi</span> <span class='ocrx_word' id='word_1_12' title='bbox 580 664 714 722; x_wconf 90' lang='lat' dir='ltr'>matrem</span> <span class='ocrx_word' id='word_1_13' title='bbox 737 656 860 722; x_wconf 80' lang='lat' dir='ltr'>dixisse</span> <span class='ocrx_word' id='word_1_14' title='bbox 881 657 1069 735; x_wconf 83' lang='lat' dir='ltr'>Tonantem,</span> 
     </span>
    </p>
   </div>
   <div class='ocr_carea' id='block_1_3' title="bbox 271 767 1047 854">
    <p class='ocr_par' dir='ltr' id='par_1_3' title="bbox 271 767 1047 854">
     <span class='ocr_line' id='line_1_4' title="bbox 271 767 1047 854; baseline -0.005 -18"><span class='ocrx_word' id='word_1_15' title='bbox 271 771 331 836; x_wconf 91' lang='lat' dir='ltr'>Ille</span> <span class='ocrx_word' id='word_1_16' title='bbox 354 778 460 854; x_wconf 87' lang='lat' dir='ltr'>potest</span> <span class='ocrx_word' id='word_1_17' title='bbox 481 769 631 835; x_wconf 80' lang='lat' dir='ltr'>Semelen</span> <span class='ocrx_word' id='word_1_18' title='bbox 654 767 773 849; x_wconf 89' lang='lat' dir='ltr'>dicere,</span> <span class='ocrx_word' id='word_1_19' title='bbox 798 768 889 849; x_wconf 81' lang='lat' dir='ltr'>Rufe,</span> <span class='ocrx_word' id='word_1_20' title='bbox 913 776 1047 854; x_wconf 91' lang='lat' dir='ltr'>patrem.</span> 
     </span>
    </p>
   </div>
   <div class='ocr_carea' id='block_1_4' title="bbox 228 932 934 1446">
    <p class='ocr_par' dir='ltr' id='par_1_4' title="bbox 228 932 934 1446">
     <span class='ocr_line' id='line_1_5' title="bbox 630 932 780 997; baseline 0 0"><span class='ocrx_word' id='word_1_21' title='bbox 630 932 780 997; x_wconf 89' lang='lat' dir='ltr'>LXXIII.</span> 
     </span>
     <span class='ocr_line' id='line_1_6' title="bbox 229 1043 860 1111; baseline -0.005 0"><span class='ocrx_word' id='word_1_22' title='bbox 229 1048 302 1111; x_wconf 90' lang='lat' dir='ltr'>Non</span> <span class='ocrx_word' id='word_1_23' title='bbox 324 1043 440 1110; x_wconf 91' lang='lat' dir='ltr'>donem</span> <span class='ocrx_word' id='word_1_24' title='bbox 462 1043 522 1109; x_wconf 92' lang='lat' dir='ltr'>tibi</span> <span class='ocrx_word' id='word_1_25' title='bbox 545 1063 601 1110; x_wconf 88' lang='lat' dir='ltr'>cur</span> <span class='ocrx_word' id='word_1_26' title='bbox 622 1063 710 1109; x_wconf 85' lang='lat' dir='ltr'>meos</span> <span class='ocrx_word' id='word_1_27' title='bbox 732 1043 860 1109; x_wconf 92' lang='lat' dir='ltr'>libellos</span> 
     </span>
     <span class='ocr_line' id='line_1_7' title="bbox 230 1156 711 1240; baseline -0.01 -16"><span class='ocrx_word' id='word_1_28' title='bbox 230 1157 341 1224; x_wconf 87' lang='lat' dir='ltr'>Oranti</span> <span class='ocrx_word' id='word_1_29' title='bbox 365 1157 482 1223; x_wconf 90' lang='lat' dir='ltr'>totiens</span> <span class='ocrx_word' id='word_1_30' title='bbox 505 1163 537 1223; x_wconf 90' lang='lat' dir='ltr'>et</span> <span class='ocrx_word' id='word_1_31' title='bbox 559 1156 711 1240; x_wconf 83' lang='lat' dir='ltr'>exigenti,</span> 
     </span>
     <span class='ocr_line' id='line_1_8' title="bbox 228 1267 934 1352; baseline -0.007 -18"><span class='ocrx_word' id='word_1_32' title='bbox 228 1270 364 1347; x_wconf 83' lang='lat' dir='ltr'>Miraris,</span> <span class='ocrx_word' id='word_1_33' title='bbox 389 1267 578 1333; x_wconf 81' lang='lat' dir='ltr'>Theodorei</span> <span class='ocrx_word' id='word_1_34' title='bbox 607 1267 727 1352; x_wconf 77' lang='lat' dir='ltr'>Magna</span> <span class='ocrx_word' id='word_1_35' title='bbox 749 1286 848 1332; x_wconf 85' lang='lat' dir='ltr'>causa</span> <span class='ocrx_word' id='word_1_36' title='bbox 870 1275 934 1333; x_wconf 88' lang='lat' dir='ltr'>est:</span> 
     </span>
     <span class='ocr_line' id='line_1_9' title="bbox 229 1379 815 1446; baseline -0.003 0"><span class='ocrx_word' id='word_1_37' title='bbox 229 1382 339 1446; x_wconf 90' lang='lat' dir='ltr'>Dones</span> <span class='ocrx_word' id='word_1_38' title='bbox 360 1388 396 1446; x_wconf 92' lang='lat' dir='ltr'>tu</span> <span class='ocrx_word' id='word_1_39' title='bbox 418 1379 497 1445; x_wconf 94' lang='lat' dir='ltr'>mihi</span> <span class='ocrx_word' id='word_1_40' title='bbox 519 1399 560 1444; x_wconf 90' lang='lat' dir='ltr'>ne</span> <span class='ocrx_word' id='word_1_41' title='bbox 583 1387 655 1445; x_wconf 91' lang='lat' dir='ltr'>tuos</span> <span class='ocrx_word' id='word_1_42' title='bbox 677 1379 815 1444; x_wconf 91' lang='lat' dir='ltr'>libellos.</span> 
     </span>
    </p>
   </div>
   <div class='ocr_carea' id='block_1_5' title="bbox 230 1533 1147 2066">
    <p class='ocr_par' dir='ltr' id='par_1_5' title="bbox 230 1533 1147 2066">
     <span class='ocr_line' id='line_1_10' title="bbox 634 1533 780 1600; baseline -0.014 -1"><span class='ocrx_word' id='word_1_43' title='bbox 634 1533 780 1600; x_wconf 85' lang='lat' dir='ltr'>LXXIV.</span> 
     </span>
     <span class='ocr_line' id='line_1_11' title="bbox 230 1645 1147 1732; baseline -0.001 -20"><span class='ocrx_word' id='word_1_44' title='bbox 230 1648 399 1732; x_wconf 91' lang='lat' dir='ltr'>Pompeios</span> <span class='ocrx_word' id='word_1_45' title='bbox 422 1647 556 1712; x_wconf 86' lang='lat' dir='ltr'>iuvenes</span> <span class='ocrx_word' id='word_1_46' title='bbox 577 1646 657 1711; x_wconf 84' lang='lat' dir='ltr'>Asia</span> <span class='ocrx_word' id='word_1_47' title='bbox 679 1654 776 1729; x_wconf 89' lang='lat' dir='ltr'>atquc</span> <span class='ocrx_word' id='word_1_48' title='bbox 799 1646 938 1730; x_wconf 84' lang='lat' dir='ltr'>Europa,</span> <span class='ocrx_word' id='word_1_49' title='bbox 962 1645 1020 1711; x_wconf 93' lang='lat' dir='ltr'>sed</span> <span class='ocrx_word' id='word_1_50' title='bbox 1041 1647 1147 1730; x_wconf 89' lang='lat' dir='ltr'>ipsum</span> 
     </span>
     <span class='ocr_line' id='line_1_12' title="bbox 272 1758 1020 1842; baseline -0.003 -18"><span class='ocrx_word' id='word_1_51' title='bbox 272 1761 375 1824; x_wconf 81' lang='lat' dir='ltr'>Terra</span> <span class='ocrx_word' id='word_1_52' title='bbox 396 1759 478 1842; x_wconf 86' lang='lat' dir='ltr'>tegit</span> <span class='ocrx_word' id='word_1_53' title='bbox 498 1758 632 1841; x_wconf 86' lang='lat' dir='ltr'>Libyae,</span> <span class='ocrx_word' id='word_1_54' title='bbox 657 1760 684 1823; x_wconf 92' lang='lat' dir='ltr'>si</span> <span class='ocrx_word' id='word_1_55' title='bbox 706 1767 815 1825; x_wconf 91' lang='lat' dir='ltr'>tamen</span> <span class='ocrx_word' id='word_1_56' title='bbox 838 1758 907 1822; x_wconf 92' lang='lat' dir='ltr'>ulla</span> <span class='ocrx_word' id='word_1_57' title='bbox 929 1758 1020 1840; x_wconf 83' lang='lat' dir='ltr'>tegit.</span> 
     </span>
     <span class='ocr_line' id='line_1_13' title="bbox 231 1868 1037 1954; baseline -0.001 -19"><span class='ocrx_word' id='word_1_58' title='bbox 231 1868 315 1949; x_wconf 84' lang='lat' dir='ltr'><strong>Quid</strong></span> <span class='ocrx_word' id='word_1_59' title='bbox 338 1871 453 1934; x_wconf 88' lang='lat' dir='ltr'>mirum</span> <span class='ocrx_word' id='word_1_60' title='bbox 475 1876 541 1936; x_wconf 94' lang='lat' dir='ltr'>toto</span> <span class='ocrx_word' id='word_1_61' title='bbox 565 1871 593 1936; x_wconf 90' lang='lat' dir='ltr'>si</span> <span class='ocrx_word' id='word_1_62' title='bbox 615 1871 780 1954; x_wconf 82' lang='lat' dir='ltr'>spargitur</span> <span class='ocrx_word' id='word_1_63' title='bbox 801 1868 900 1935; x_wconf 83' lang='lat' dir='ltr'>orbei</span> <span class='ocrx_word' id='word_1_64' title='bbox 926 1869 1037 1934; x_wconf 89' lang='lat' dir='ltr'>Iacere</span> 
     </span>
     <span class='ocr_line' id='line_1_14' title="bbox 272 1982 908 2066; baseline -0.003 -18"><span class='ocrx_word' id='word_1_65' title='bbox 272 1983 343 2048; x_wconf 92' lang='lat' dir='ltr'>Uno</span> <span class='ocrx_word' id='word_1_66' title='bbox 366 2001 429 2045; x_wconf 91' lang='lat' dir='ltr'>non</span> <span class='ocrx_word' id='word_1_67' title='bbox 452 1987 578 2066; x_wconf 90' lang='lat' dir='ltr'>poterat</span> <span class='ocrx_word' id='word_1_68' title='bbox 599 1989 691 2047; x_wconf 86' lang='lat' dir='ltr'>tanta</span> <span class='ocrx_word' id='word_1_69' title='bbox 711 1982 806 2046; x_wconf 88' lang='lat' dir='ltr'>ruina</span> <span class='ocrx_word' id='word_1_70' title='bbox 826 1982 908 2047; x_wconf 92' lang='lat' dir='ltr'>loco.</span> 
     </span>
    </p>
   </div>
   <div class='ocr_carea' id='block_1_6' title="bbox 230 2144 1055 2451">
    <p class='ocr_par' dir='ltr' id='par_1_6' title="bbox 230 2144 1055 2451">
     <span class='ocr_line' id='line_1_15' title="bbox 641 2144 769 2209; baseline 0 -2"><span class='ocrx_word' id='word_1_71' title='bbox 641 2144 769 2209; x_wconf 90' lang='lat' dir='ltr'>LXXV.</span> 
     </span>
     <span class='ocr_line' id='line_1_16' title="bbox 230 2253 1055 2339; baseline 0.001 -19"><span class='ocrx_word' id='word_1_72' title='bbox 230 2254 321 2332; x_wconf 78' lang='lat' dir='ltr'>Quae</span> <span class='ocrx_word' id='word_1_73' title='bbox 342 2256 425 2339; x_wconf 83' lang='lat' dir='ltr'>legis</span> <span class='ocrx_word' id='word_1_74' title='bbox 448 2273 547 2320; x_wconf 87' lang='lat' dir='ltr'>eausa</span> <span class='ocrx_word' id='word_1_75' title='bbox 568 2256 680 2339; x_wconf 79' lang='lat' dir='ltr'><strong>nupsit</strong></span> <span class='ocrx_word' id='word_1_76' title='bbox 701 2255 760 2320; x_wconf 92' lang='lat' dir='ltr'>tibi</span> <span class='ocrx_word' id='word_1_77' title='bbox 783 2256 904 2332; x_wconf 90' lang='lat' dir='ltr'>Laelia,</span> <span class='ocrx_word' id='word_1_78' title='bbox 928 2253 1055 2333; x_wconf 82' lang='lat' dir='ltr'>Quinte,</span> 
     </span>
     <span class='ocr_line' id='line_1_17' title="bbox 272 2366 973 2451; baseline -0.007 -17"><span class='ocrx_word' id='word_1_79' title='bbox 272 2367 412 2434; x_wconf 84' lang='lat' dir='ltr'>Uxorem</span> <span class='ocrx_word' id='word_1_80' title='bbox 435 2374 527 2451; x_wconf 90' lang='lat' dir='ltr'>potes</span> <span class='ocrx_word' id='word_1_81' title='bbox 549 2366 634 2432; x_wconf 90' lang='lat' dir='ltr'>hanc</span> <span class='ocrx_word' id='word_1_82' title='bbox 655 2366 764 2432; x_wconf 79' lang='lat' dir='ltr'>dicere</span> <span class='ocrx_word' id='word_1_83' title='bbox 786 2367 973 2451; x_wconf 80' lang='lat' dir='ltr'>legitimam.</span> 
     </span>
    </p>
   </div>
   <div class='ocr_carea' id='block_1_7' title="bbox 228 2529 968 2726">
    <p class='ocr_par' dir='ltr' id='par_1_7' title="bbox 228 2529 968 2726">
     <span class='ocr_line' id='line_1_18' title="bbox 557 2529 785 2595; baseline -0.009 0"><span class='ocrx_word' id='word_1_84' title='bbox 557 2530 559 2535; x_wconf 64' lang='grc'><strong>“</strong></span> <span class='ocrx_word' id='word_1_85' title='bbox 640 2529 785 2595; x_wconf 86' lang='lat' dir='ltr'>LXXVI.</span> 
     </span>
     <span class='ocr_line' id='line_1_19' title="bbox 228 2639 968 2726; baseline 0.003 -20"><span class='ocrx_word' id='word_1_86' title='bbox 228 2641 366 2707; x_wconf 86' lang='lat' dir='ltr'>Profecit</span> <span class='ocrx_word' id='word_1_87' title='bbox 387 2649 462 2726; x_wconf 94' lang='lat' dir='ltr'>poto</span> <span class='ocrx_word' id='word_1_88' title='bbox 485 2639 689 2708; x_wconf 81' lang='lat' dir='ltr'>Mithridates</span> <span class='ocrx_word' id='word_1_89' title='bbox 711 2661 810 2725; x_wconf 82' lang='lat' dir='ltr'>saepe</span> <span class='ocrx_word' id='word_1_90' title='bbox 834 2661 968 2719; x_wconf 89' lang='lat' dir='ltr'>veneno,</span> 
     </span>
    </p>
   </div>
   <div class='ocr_carea' id='block_1_8' title="bbox 140 2828 1277 3671">
    <p class='ocr_par' dir='ltr' id='par_1_8' title="bbox 145 2828 1277 2977">
     <span class='ocr_line' id='line_1_20' title="bbox 246 2828 1277 2901; baseline 0.002 -19"><span class='ocrx_word' id='word_1_91' title='bbox 246 2828 365 2883; x_wconf 87' lang='lat' dir='ltr'>LXXIV</span> <span class='ocrx_word' id='word_1_92' title='bbox 383 2832 406 2884; x_wconf 82' lang='lat'>2.</span> <span class='ocrx_word' id='word_1_93' title='bbox 436 2829 545 2899; x_wconf 86' lang='lat' dir='ltr'>Libyae</span> <span class='ocrx_word' id='word_1_94' title='bbox 564 2831 618 2892; x_wconf 84' lang='lat' dir='ltr'>QE</span> <span class='ocrx_word' id='word_1_95' title='bbox 636 2830 704 2883; x_wconf 71' lang='lat' dir='ltr'>Selia</span> <span class='ocrx_word' id='word_1_96' title='bbox 740 2830 848 2900; x_wconf 82' lang='lat' dir='ltr'>Lybiae</span> <span class='ocrx_word' id='word_1_97' title='bbox 869 2832 894 2884; x_wconf 82' lang='grc' dir='ltr'><em>Τ</em></span> <span class='ocrx_word' id='word_1_98' title='bbox 926 2832 1016 2901; x_wconf 82' lang='lat' dir='ltr'>Lybie</span> <span class='ocrx_word' id='word_1_99' title='bbox 1035 2832 1064 2884; x_wconf 86' lang='lat' dir='ltr'><em>R</em></span> <span class='ocrx_word' id='word_1_100' title='bbox 1099 2830 1132 2884; x_wconf 93' lang='lat' dir='ltr'>Li</span> <span class='ocrx_word' id='word_1_101' title='bbox 1144 2829 1238 2900; x_wconf 71' lang='lat' dir='ltr'>y)by(i⁴</span> <span class='ocrx_word' id='word_1_102' title='bbox 1247 2845 1277 2885; x_wconf 90' lang='lat' dir='ltr'>es</span> 
     </span>
     <span class='ocr_line' id='line_1_21' title="bbox 145 2915 531 2977; baseline -0.01 -7"><span class='ocrx_word' id='word_1_103' title='bbox 145 2917 192 2970; x_wconf 75' lang='lat' dir='ltr'>For</span> <span class='ocrx_word' id='word_1_104' title='bbox 228 2915 309 2971; x_wconf 85' lang='lat' dir='ltr'>libies</span> <span class='ocrx_word' id='word_1_105' title='bbox 329 2915 413 2968; x_wconf 80' lang='lat' dir='ltr'>Rand</span> <span class='ocrx_word' id='word_1_106' title='bbox 429 2933 479 2968; x_wconf 81' lang='lat' dir='ltr'>coa</span> <span class='ocrx_word' id='word_1_107' title='bbox 498 2917 531 2977; x_wconf 85' lang='lat' dir='ltr'>Q.</span> 
     </span>
    </p>

    <p class='ocr_par' dir='ltr' id='par_1_9' title="bbox 140 3085 1277 3671">
     <span class='ocr_line' id='line_1_22' title="bbox 245 3085 1275 3157; baseline 0 -16"><span class='ocrx_word' id='word_1_108' title='bbox 245 3086 373 3141; x_wconf 89' lang='lat' dir='ltr'>LXXIV.</span> <span class='ocrx_word' id='word_1_109' title='bbox 403 3085 467 3156; x_wconf 79' lang='lat' dir='ltr'>Vgl.</span> <span class='ocrx_word' id='word_1_110' title='bbox 482 3086 591 3142; x_wconf 86' lang='lat' dir='ltr'>Seneca</span> <span class='ocrx_word' id='word_1_111' title='bbox 608 3086 706 3157; x_wconf 80' lang='lat' dir='ltr'>Epigr.</span> <span class='ocrx_word' id='word_1_112' title='bbox 723 3091 830 3141; x_wconf 82' lang='grc'><strong>10-11.</strong></span> <span class='ocrx_word' id='word_1_113' title='bbox 849 3090 960 3141; x_wconf 73' lang='lat' dir='ltr'>til-66.</span> <span class='ocrx_word' id='word_1_114' title='bbox 994 3087 1145 3152; x_wconf 82' lang='lat' dir='ltr'>(Baehrens</span> <span class='ocrx_word' id='word_1_115' title='bbox 1162 3087 1224 3142; x_wconf 76' lang='lat' dir='ltr'>Plus</span> <span class='ocrx_word' id='word_1_116' title='bbox 1235 3086 1275 3141; x_wconf 93' lang='lat' dir='ltr'>IV</span> 
     </span>
     <span class='ocr_line' id='line_1_23' title="bbox 144 3171 1275 3244; baseline 0.002 -20"><span class='ocrx_word' id='word_1_117' title='bbox 144 3189 173 3242; x_wconf 90' lang='lat' dir='ltr'>p.</span> <span class='ocrx_word' id='word_1_118' title='bbox 194 3176 240 3235; x_wconf 83' lang='lat'>59;</span> <span class='ocrx_word' id='word_1_119' title='bbox 262 3189 289 3241; x_wconf 93' lang='lat' dir='ltr'>p.</span> <span class='ocrx_word' id='word_1_120' title='bbox 308 3174 359 3238; x_wconf 76' lang='lat'><strong>82).</strong></span> <span class='ocrx_word' id='word_1_121' title='bbox 401 3175 441 3237; x_wconf 87' lang='lat' dir='ltr'>to,</span> <span class='ocrx_word' id='word_1_122' title='bbox 460 3174 484 3225; x_wconf 79' lang='grc'>1.</span> <span class='ocrx_word' id='word_1_123' title='bbox 519 3174 659 3240; x_wconf 79' lang='lat' dir='ltr'>(Fortuna)</span> <span class='ocrx_word' id='word_1_124' title='bbox 679 3172 748 3228; x_wconf 83' lang='lat' dir='ltr'>Tam</span> <span class='ocrx_word' id='word_1_125' title='bbox 767 3174 824 3229; x_wconf 89' lang='lat' dir='ltr'>late</span> <span class='ocrx_word' id='word_1_126' title='bbox 841 3173 947 3241; x_wconf 84' lang='lat' dir='ltr'>sparsit</span> <span class='ocrx_word' id='word_1_127' title='bbox 964 3171 1071 3237; x_wconf 85' lang='lat' dir='ltr'>funera,</span> <span class='ocrx_word' id='word_1_128' title='bbox 1089 3174 1198 3244; x_wconf 77' lang='lat' dir='ltr'>llagne,</span> <span class='ocrx_word' id='word_1_129' title='bbox 1217 3179 1275 3228; x_wconf 89' lang='lat' dir='ltr'>tua.</span> 
     </span>
     <span class='ocr_line' id='line_1_24' title="bbox 146 3257 1277 3328; baseline 0.002 -16"><span class='ocrx_word' id='word_1_130' title='bbox 146 3262 185 3324; x_wconf 81' lang='lat'>12,</span> <span class='ocrx_word' id='word_1_131' title='bbox 205 3262 220 3310; x_wconf 85' lang='lat'>5</span> <span class='ocrx_word' id='word_1_132' title='bbox 243 3258 336 3314; x_wconf 88' lang='lat' dir='ltr'>divisa</span> <span class='ocrx_word' id='word_1_133' title='bbox 358 3257 439 3313; x_wconf 92' lang='lat' dir='ltr'>ruina</span> <span class='ocrx_word' id='word_1_134' title='bbox 463 3264 517 3314; x_wconf 89' lang='lat' dir='ltr'>est:</span> <span class='ocrx_word' id='word_1_135' title='bbox 544 3258 608 3314; x_wconf 89' lang='lat' dir='ltr'>Uno</span> <span class='ocrx_word' id='word_1_136' title='bbox 632 3275 690 3314; x_wconf 92' lang='lat' dir='ltr'>non</span> <span class='ocrx_word' id='word_1_137' title='bbox 713 3259 809 3327; x_wconf 92' lang='lat' dir='ltr'>potuit</span> <span class='ocrx_word' id='word_1_138' title='bbox 825 3264 906 3314; x_wconf 91' lang='lat' dir='ltr'>tanta</span> <span class='ocrx_word' id='word_1_139' title='bbox 920 3260 1017 3328; x_wconf 91' lang='lat' dir='ltr'>jacere</span> <span class='ocrx_word' id='word_1_140' title='bbox 1035 3258 1108 3314; x_wconf 93' lang='lat' dir='ltr'>loco.</span> <span class='ocrx_word' id='word_1_141' title='bbox 1157 3261 1188 3312; x_wconf 82' lang='grc'>13</span> <span class='ocrx_word' id='word_1_142' title='bbox 1217 3257 1277 3314; x_wconf 81' lang='lat' dir='ltr'>Ant</span> 
     </span>
     <span class='ocr_line' id='line_1_25' title="bbox 143 3342 1277 3415; baseline 0 -15"><span class='ocrx_word' id='word_1_143' title='bbox 143 3343 215 3400; x_wconf 81' lang='lat' dir='ltr'>Asia</span> <span class='ocrx_word' id='word_1_144' title='bbox 237 3350 287 3399; x_wconf 89' lang='lat' dir='ltr'>aut</span> <span class='ocrx_word' id='word_1_145' title='bbox 305 3344 419 3412; x_wconf 85' lang='lat' dir='ltr'>Europa</span> <span class='ocrx_word' id='word_1_146' title='bbox 441 3346 513 3414; x_wconf 78' lang='lat' dir='ltr'>tegit</span> <span class='ocrx_word' id='word_1_147' title='bbox 538 3350 588 3399; x_wconf 91' lang='lat' dir='ltr'>aut</span> <span class='ocrx_word' id='word_1_148' title='bbox 604 3342 704 3400; x_wconf 77' lang='lat' dir='ltr'>Africa</span> <span class='ocrx_word' id='word_1_149' title='bbox 721 3344 851 3415; x_wconf 79' lang='lat' dir='ltr'>Magnos:</span> <span class='ocrx_word' id='word_1_150' title='bbox 877 3343 988 3411; x_wconf 83' lang='lat' dir='ltr'>Quanta</span> <span class='ocrx_word' id='word_1_151' title='bbox 1006 3346 1106 3401; x_wconf 87' lang='lat' dir='ltr'>domne</span> <span class='ocrx_word' id='word_1_152' title='bbox 1124 3351 1185 3401; x_wconf 86' lang='lat' dir='ltr'>toto</span> <span class='ocrx_word' id='word_1_153' title='bbox 1203 3360 1277 3414; x_wconf 85' lang='lat' dir='ltr'>quae</span> 
     </span>
     <span class='ocr_line' id='line_1_26' title="bbox 140 3428 1277 3502; baseline -0.001 -17"><span class='ocrx_word' id='word_1_154' title='bbox 140 3430 220 3500; x_wconf 89' lang='lat' dir='ltr'>jacet</span> <span class='ocrx_word' id='word_1_155' title='bbox 246 3431 327 3493; x_wconf 89' lang='lat' dir='ltr'>orbe,</span> <span class='ocrx_word' id='word_1_156' title='bbox 352 3428 420 3484; x_wconf 80' lang='lat' dir='ltr'>fuit!</span> <span class='ocrx_word' id='word_1_157' title='bbox 476 3432 520 3494; x_wconf 83' lang='grc'>11,</span> <span class='ocrx_word' id='word_1_158' title='bbox 547 3432 557 3481; x_wconf 95' lang='grc'>1</span> <span class='ocrx_word' id='word_1_159' title='bbox 585 3429 712 3496; x_wconf 79' lang='lat' dir='ltr'>Quantus</span> <span class='ocrx_word' id='word_1_160' title='bbox 739 3447 822 3500; x_wconf 86' lang='lat' dir='ltr'>quam</span> <span class='ocrx_word' id='word_1_161' title='bbox 846 3447 935 3500; x_wconf 85' lang='lat' dir='ltr'>parvo</span> <span class='ocrx_word' id='word_1_162' title='bbox 963 3432 1011 3486; x_wconf 81' lang='lat' dir='ltr'>vix</span> <span class='ocrx_word' id='word_1_163' title='bbox 1033 3432 1138 3502; x_wconf 78' lang='lat' dir='ltr'>tegeris</span> <span class='ocrx_word' id='word_1_164' title='bbox 1160 3430 1277 3487; x_wconf 91' lang='lat' dir='ltr'>tumulo.</span> 
     </span>
     <span class='ocr_line' id='line_1_27' title="bbox 144 3514 1277 3587; baseline 0.003 -20"><span class='ocrx_word' id='word_1_165' title='bbox 144 3519 185 3581; x_wconf 92' lang='grc'>66,</span> <span class='ocrx_word' id='word_1_166' title='bbox 206 3518 217 3567; x_wconf 95' lang='grc'>1</span> <span class='ocrx_word' id='word_1_167' title='bbox 243 3514 370 3571; x_wconf 84' lang='lat' dir='ltr'>Diversis</span> <span class='ocrx_word' id='word_1_168' title='bbox 390 3517 511 3586; x_wconf 84' lang='lat' dir='ltr'>juvenes</span> <span class='ocrx_word' id='word_1_169' title='bbox 528 3514 600 3571; x_wconf 78' lang='lat' dir='ltr'>Asia</span> <span class='ocrx_word' id='word_1_170' title='bbox 624 3522 710 3585; x_wconf 89' lang='lat' dir='ltr'>atque</span> <span class='ocrx_word' id='word_1_171' title='bbox 728 3516 842 3586; x_wconf 82' lang='lat' dir='ltr'>Europa</span> <span class='ocrx_word' id='word_1_172' title='bbox 861 3517 998 3587; x_wconf 82' lang='lat' dir='ltr'>sepulerIs</span> <span class='ocrx_word' id='word_1_173' title='bbox 1015 3517 1152 3579; x_wconf 85' lang='lat' dir='ltr'>Distinet;</span> <span class='ocrx_word' id='word_1_174' title='bbox 1182 3516 1277 3582; x_wconf 87' lang='lat' dir='ltr'>infida,</span> 
     </span>
     <span class='ocr_line' id='line_1_28' title="bbox 143 3599 466 3671; baseline -0.003 -16"><span class='ocrx_word' id='word_1_175' title='bbox 143 3601 252 3671; x_wconf 78' lang='lat' dir='ltr'>Magne,</span> <span class='ocrx_word' id='word_1_176' title='bbox 267 3600 348 3671; x_wconf 84' lang='lat' dir='ltr'>jaces</span> <span class='ocrx_word' id='word_1_177' title='bbox 366 3599 466 3671; x_wconf 85' lang='lat' dir='ltr'>Libya.</span> 
     </span>
    </p>
   </div>
   <div class='ocr_carea' id='block_1_9' title="bbox 141 3762 1278 4429">
    <p class='ocr_par' dir='ltr' id='par_1_10' title="bbox 144 3762 1278 4005">
     <span class='ocr_line' id='line_1_29' title="bbox 213 3762 1274 3836; baseline 0.003 -18"><span class='ocrx_word' id='word_1_178' title='bbox 213 3764 332 3819; x_wconf 87' lang='lat' dir='ltr'>LXXIV</span> <span class='ocrx_word' id='word_1_179' title='bbox 352 3767 374 3819; x_wconf 85' lang='lat'>1.</span> <span class='ocrx_word' id='word_1_180' title='bbox 404 3763 469 3819; x_wconf 90' lang='lat' dir='ltr'>Von</span> <span class='ocrx_word' id='word_1_181' title='bbox 486 3763 542 3818; x_wconf 91' lang='lat' dir='ltr'>deu</span> <span class='ocrx_word' id='word_1_182' title='bbox 555 3762 670 3820; x_wconf 81' lang='lat' dir='ltr'>Sbhnen</span> <span class='ocrx_word' id='word_1_183' title='bbox 688 3764 739 3820; x_wconf 89' lang='lat' dir='ltr'>des</span> <span class='ocrx_word' id='word_1_184' title='bbox 752 3765 904 3836; x_wconf 88' lang='lat' dir='ltr'>Pompejus</span> <span class='ocrx_word' id='word_1_185' title='bbox 918 3767 964 3823; x_wconf 90' lang='lat' dir='ltr'>tiel</span> <span class='ocrx_word' id='word_1_186' title='bbox 976 3767 1090 3823; x_wconf 85' lang='lat' dir='ltr'>Gnaeus</span> <span class='ocrx_word' id='word_1_187' title='bbox 1101 3767 1148 3822; x_wconf 92' lang='lat' dir='ltr'>bei</span> <span class='ocrx_word' id='word_1_188' title='bbox 1160 3765 1274 3829; x_wconf 85' lang='lat' dir='ltr'>lluuda,</span> 
     </span>
     <span class='ocr_line' id='line_1_30' title="bbox 145 3847 1278 3921; baseline 0.002 -17"><span class='ocrx_word' id='word_1_189' title='bbox 145 3849 247 3906; x_wconf 85' lang='lat' dir='ltr'>Sextus</span> <span class='ocrx_word' id='word_1_190' title='bbox 271 3850 361 3905; x_wconf 86' lang='lat' dir='ltr'>durch</span> <span class='ocrx_word' id='word_1_191' title='bbox 385 3849 431 3904; x_wconf 91' lang='lat' dir='ltr'>die</span> <span class='ocrx_word' id='word_1_192' title='bbox 449 3847 585 3904; x_wconf 90' lang='lat' dir='ltr'>Soldaten</span> <span class='ocrx_word' id='word_1_193' title='bbox 603 3849 654 3904; x_wconf 92' lang='lat' dir='ltr'>des</span> <span class='ocrx_word' id='word_1_194' title='bbox 671 3847 813 3906; x_wconf 84' lang='lat' dir='ltr'>Antonius</span> <span class='ocrx_word' id='word_1_195' title='bbox 832 3852 878 3907; x_wconf 89' lang='lat' dir='ltr'>bei</span> <span class='ocrx_word' id='word_1_196' title='bbox 895 3852 987 3917; x_wconf 89' lang='grc'><strong>111111,</strong></span> <span class='ocrx_word' id='word_1_197' title='bbox 1014 3850 1166 3921; x_wconf 88' lang='lat' dir='ltr'>Pompejus</span> <span class='ocrx_word' id='word_1_198' title='bbox 1188 3850 1278 3907; x_wconf 89' lang='lat' dir='ltr'>selbst</span> 
     </span>
     <span class='ocr_line' id='line_1_31' title="bbox 144 3934 1225 4005; baseline -0.002 -14"><span class='ocrx_word' id='word_1_199' title='bbox 144 3936 189 3991; x_wconf 86' lang='lat' dir='ltr'>bei</span> <span class='ocrx_word' id='word_1_200' title='bbox 209 3936 301 3991; x_wconf 90' lang='lat' dir='ltr'>seiner</span> <span class='ocrx_word' id='word_1_201' title='bbox 318 3936 458 4005; x_wconf 83' lang='lat' dir='ltr'>Landung</span> <span class='ocrx_word' id='word_1_202' title='bbox 475 3936 505 3990; x_wconf 93' lang='lat' dir='ltr'>in</span> <span class='ocrx_word' id='word_1_203' title='bbox 522 3934 675 4005; x_wconf 76' lang='lat' dir='ltr'>Aegyptam</span> <span class='ocrx_word' id='word_1_204' title='bbox 693 3935 745 3990; x_wconf 84' lang='lat' dir='ltr'>ani</span> <span class='ocrx_word' id='word_1_205' title='bbox 759 3934 860 3992; x_wconf 80' lang='lat' dir='ltr'>Befehl</span> <span class='ocrx_word' id='word_1_206' title='bbox 878 3936 930 3993; x_wconf 90' lang='lat' dir='ltr'>des</span> <span class='ocrx_word' id='word_1_207' title='bbox 947 3937 1086 3993; x_wconf 90' lang='lat' dir='ltr'>Potbinns</span> <span class='ocrx_word' id='word_1_208' title='bbox 1106 3936 1156 3999; x_wconf 83' lang='lat' dir='ltr'>(llI</span> <span class='ocrx_word' id='word_1_209' title='bbox 1174 3940 1225 4001; x_wconf 80' lang='grc'><strong>66).</strong></span> 
     </span>
    </p>

    <p class='ocr_par' dir='ltr' id='par_1_11' title="bbox 141 4020 1278 4429">
     <span class='ocr_line' id='line_1_32' title="bbox 211 4020 1278 4093; baseline 0.002 -17"><span class='ocrx_word' id='word_1_210' title='bbox 211 4020 316 4076; x_wconf 88' lang='lat' dir='ltr'>LXXV</span> <span class='ocrx_word' id='word_1_211' title='bbox 343 4023 366 4073; x_wconf 92' lang='lat'>1.</span> <span class='ocrx_word' id='word_1_212' title='bbox 403 4021 467 4091; x_wconf 70' lang='lat' dir='ltr'>lepti</span> <span class='ocrx_word' id='word_1_213' title='bbox 491 4040 577 4075; x_wconf 79' lang='lat' dir='ltr'>caasa.</span> <span class='ocrx_word' id='word_1_214' title='bbox 613 4021 768 4078; x_wconf 90' lang='lat' dir='ltr'>Viellcicbt</span> <span class='ocrx_word' id='word_1_215' title='bbox 791 4038 839 4078; x_wconf 92' lang='lat' dir='ltr'>um</span> <span class='ocrx_word' id='word_1_216' title='bbox 863 4023 909 4079; x_wconf 91' lang='lat' dir='ltr'>die</span> <span class='ocrx_word' id='word_1_217' title='bbox 928 4022 1047 4079; x_wconf 79' lang='lat' dir='ltr'>Gesctce</span> <span class='ocrx_word' id='word_1_218' title='bbox 1065 4022 1278 4093; x_wconf 63' lang='grc'><strong>3131111111)-</strong></span> 
     </span>
     <span class='ocr_line' id='line_1_33' title="bbox 144 4106 1277 4178; baseline 0.002 -16"><span class='ocrx_word' id='word_1_219' title='bbox 144 4106 249 4177; x_wconf 81' lang='lat' dir='ltr'>sigkeit</span> <span class='ocrx_word' id='word_1_220' title='bbox 269 4106 449 4169; x_wconf 85' lang='lat' dir='ltr'>(namentlich</span> <span class='ocrx_word' id='word_1_221' title='bbox 474 4106 669 4163; x_wconf 76' lang='grc'><strong>1111111111</strong></span> <span class='ocrx_word' id='word_1_222' title='bbox 692 4109 858 4165; x_wconf 88' lang='lat' dir='ltr'>maritandis</span> <span class='ocrx_word' id='word_1_223' title='bbox 881 4109 1027 4165; x_wconf 89' lang='lat' dir='ltr'>ordinibus</span> <span class='ocrx_word' id='word_1_224' title='bbox 1047 4108 1105 4164; x_wconf 91' lang='lat' dir='ltr'>und</span> <span class='ocrx_word' id='word_1_225' title='bbox 1123 4107 1169 4163; x_wconf 89' lang='grc'>111</span> <span class='ocrx_word' id='word_1_226' title='bbox 1187 4109 1277 4178; x_wconf 90' lang='lat' dir='ltr'>Papia</span> 
     </span>
     <span class='ocr_line' id='line_1_34' title="bbox 141 4193 1278 4263; baseline 0.002 -16"><span class='ocrx_word' id='word_1_227' title='bbox 141 4193 287 4261; x_wconf 84' lang='lat' dir='ltr'>Poppaea}</span> <span class='ocrx_word' id='word_1_228' title='bbox 308 4208 344 4247; x_wconf 85' lang='lat' dir='ltr'>zu</span> <span class='ocrx_word' id='word_1_229' title='bbox 360 4194 491 4263; x_wconf 77' lang='lat' dir='ltr'>umgebn.</span> <span class='ocrx_word' id='word_1_230' title='bbox 523 4193 605 4248; x_wconf 89' lang='lat' dir='ltr'>Doch</span> <span class='ocrx_word' id='word_1_231' title='bbox 624 4193 691 4249; x_wconf 88' lang='lat' dir='ltr'>eber</span> <span class='ocrx_word' id='word_1_232' title='bbox 707 4194 746 4250; x_wconf 88' lang='lat' dir='ltr'>ist</span> <span class='ocrx_word' id='word_1_233' title='bbox 763 4195 837 4250; x_wconf 91' lang='lat' dir='ltr'>auch</span> <span class='ocrx_word' id='word_1_234' title='bbox 855 4194 916 4251; x_wconf 91' lang='lat' dir='ltr'>hier</span> <span class='ocrx_word' id='word_1_235' title='bbox 933 4194 1024 4250; x_wconf 91' lang='lat' dir='ltr'>schon</span> <span class='ocrx_word' id='word_1_236' title='bbox 1041 4195 1087 4250; x_wconf 90' lang='lat' dir='ltr'>die</span> <span class='ocrx_word' id='word_1_237' title='bbox 1104 4209 1162 4250; x_wconf 77' lang='lat' dir='ltr'>son</span> <span class='ocrx_word' id='word_1_238' title='bbox 1179 4195 1278 4251; x_wconf 88' lang='lat' dir='ltr'>Domi-</span> 
     </span>
     <span class='ocr_line' id='line_1_35' title="bbox 143 4278 1276 4351; baseline 0.002 -18"><span class='ocrx_word' id='word_1_239' title='bbox 143 4278 203 4333; x_wconf 87' lang='lat' dir='ltr'>tian</span> <span class='ocrx_word' id='word_1_240' title='bbox 225 4285 373 4335; x_wconf 88' lang='lat' dir='ltr'>ernenerte</span> <span class='ocrx_word' id='word_1_241' title='bbox 396 4280 442 4335; x_wconf 81' lang='lat' dir='ltr'>lex</span> <span class='ocrx_word' id='word_1_242' title='bbox 466 4278 545 4335; x_wconf 87' lang='lat' dir='ltr'>Julla</span> <span class='ocrx_word' id='word_1_243' title='bbox 569 4279 605 4334; x_wconf 90' lang='lat' dir='ltr'>de</span> <span class='ocrx_word' id='word_1_244' title='bbox 630 4279 777 4336; x_wconf 84' lang='lat' dir='ltr'>adulteriis</span> <span class='ocrx_word' id='word_1_245' title='bbox 805 4287 848 4341; x_wconf 79' lang='lat' dir='ltr'>tau</span> <span class='ocrx_word' id='word_1_246' title='bbox 869 4281 910 4336; x_wconf 85' lang='lat' dir='ltr'>Vl</span> <span class='ocrx_word' id='word_1_247' title='bbox 929 4283 953 4341; x_wconf 81' lang='grc'>11</span> <span class='ocrx_word' id='word_1_248' title='bbox 978 4296 1012 4334; x_wconf 82' lang='lat' dir='ltr'>au</span> <span class='ocrx_word' id='word_1_249' title='bbox 1030 4282 1174 4337; x_wconf 84' lang='lat' dir='ltr'>verstehn.</span> <span class='ocrx_word' id='word_1_250' title='bbox 1211 4280 1276 4351; x_wconf 75' lang='lat' dir='ltr'>Vgl.</span> 
     </span>
     <span class='ocr_line' id='line_1_36' title="bbox 143 4363 673 4429; baseline -0.002 -9"><span class='ocrx_word' id='word_1_251' title='bbox 143 4365 299 4421; x_wconf 90' lang='lat' dir='ltr'>bcsonders</span> <span class='ocrx_word' id='word_1_252' title='bbox 317 4363 357 4418; x_wconf 92' lang='lat' dir='ltr'>XI</span> <span class='ocrx_word' id='word_1_253' title='bbox 377 4367 401 4416; x_wconf 81' lang='lat' dir='ltr'>i.</span> <span class='ocrx_word' id='word_1_254' title='bbox 433 4363 478 4419; x_wconf 82' lang='lat' dir='ltr'>SG</span> <span class='ocrx_word' id='word_1_255' title='bbox 496 4364 510 4418; x_wconf 96' lang='grc' dir='ltr'>Ι</span> <span class='ocrx_word' id='word_1_256' title='bbox 528 4366 587 4429; x_wconf 81' lang='grc'><strong>111,</strong></span> <span class='ocrx_word' id='word_1_257' title='bbox 607 4368 633 4418; x_wconf 90' lang='grc'>6.</span> <span class='ocrx_word' id='word_1_258' title='bbox 668 4407 673 4419; x_wconf 96' lang='grc'><strong>.</strong></span> 
     </span>
    </p>
   </div>
   <div class='ocr_carea' id='block_1_10' title="bbox 0 0 1498 5414">
    <p class='ocr_par' dir='ltr' id='par_1_12' title="bbox 0 0 1498 5414">
     <span class='ocr_line' id='line_1_37' title="bbox 0 0 1498 5414; baseline 0 0"><span class='ocrx_word' id='word_1_259' title='bbox 0 0 1498 5414; x_wconf 95' lang='lat' dir='ltr'> </span> 
     </span>
    </p>
   </div>
  </div>
 </body>
</html>
