2978 5414
644 778 681 832 M.
699 777 806 832 Valerii
825 777 960 832 Martialis

753 950 851 1014 LVII.

322 1062 467 1141 Qualem,
492 1062 618 1140 Flacco,
642 1062 739 1126 velim
763 1061 891 1143 quaeris
914 1061 1055 1127 nolimve
1077 1063 1242 1146 puellami

364 1175 446 1239 Nolo
469 1173 564 1238 nimis
586 1171 715 1238 facilem
738 1171 966 1255 difficilemque
989 1175 1093 1238 nimis.

321 1285 406 1351 lllud
430 1283 515 1368 quod
537 1283 678 1349 medium
701 1290 751 1349 cst
773 1292 870 1366 atquo
892 1287 976 1349 inter
990 1293 1161 1369 utrumque
1175 1288 1364 1371 probamus:

364 1398 432 1462 Nec
454 1395 527 1461 volo
551 1394 636 1478 quod
660 1396 789 1473 cruciat,
813 1415 874 1461 nec
896 1396 969 1461 volo
992 1396 1079 1479 quod
1102 1399 1210 1464 satiat.

743 1558 859 1622 LVIII.

320 1689 410 1754 Milia
432 1708 489 1771 pro
512 1707 611 1772 puero
633 1692 760 1753 centum
783 1706 835 1751 me
856 1708 973 1772 mango
1000 1692 1159 1773 poposcit:

301 1810 303 1815 ’
362 1801 430 1866 Risi
453 1819 525 1883 ego,
549 1798 608 1864 sed
630 1798 781 1865 Phoebus
804 1800 948 1883 protinus
970 1800 1029 1865 illa
1051 1800 1150 1867 dedit.

319 1915 388 1978 Hoc
410 1910 499 1976 dolet
521 1918 554 1976 ct
576 1911 719 1993 queritur
741 1909 783 1975 de
804 1931 856 1976 me
878 1930 951 1975 mea
973 1915 1116 1977 mentula
1138 1932 1247 1979 secum

362 2022 593 2104 Laudaturque
614 2041 719 2086 meam
742 2020 891 2086 Phoebus
914 2022 947 2086 in
969 2023 1133 2089 invidiam.

278 2146 294 2200 5
318 2135 383 2201 Sed
406 2133 621 2200 sestertiolum
644 2131 776 2198 donavit
798 2133 941 2199 mentula
963 2134 1094 2201 Phoebo

361 2248 416 2311 Bis
440 2245 562 2311 decios:
587 2244 648 2310 hoc
670 2243 713 2309 da
735 2252 770 2309 tu
792 2245 880 2323 mihi,
903 2245 1007 2329 pluris
1031 2266 1145 2311 emam.

753 2407 838 2472 LIX.

318 2522 383 2587 Dat
404 2522 529 2585 Baiana
551 2519 629 2584 mihi
653 2519 849 2602 quadrantes
873 2520 1018 2603 sportula
1041 2528 1179 2585 centum.

333 2709 411 2764 LVll
436 2714 461 2762 3.
486 2708 638 2777 probamus
663 2709 766 2771 RPQo
787 2709 837 2762 Ser
861 2709 948 2762 estne
978 2709 1115 2776 probatur
1138 2710 1284 2762 EXBFG
1309 2712 1364 2764 eod.

232 2801 313 2853 Salm.
337 2795 402 2865 tvgl.
420 2802 519 2858 unten)
534 2795 625 2848 Sciat

331 2968 418 3023 LVII.
446 2966 553 3021 Auson.
572 2966 660 3035 epigr.
680 2968 713 3018 36
736 2969 784 3030 (39)

365 3053 446 3108 Hanc
462 3051 530 3107 volo
549 3066 622 3120 quac
639 3066 698 3106 non
714 3050 784 3115 volt,
802 3051 879 3106 illam
898 3066 970 3120 quae
988 3050 1050 3106 volt
1067 3066 1122 3121 ego
1140 3051 1215 3106 nolo.

399 3138 520 3194 Vincere
538 3137 600 3193 volt
618 3129 733 3201 animos,
752 3151 810 3192 non
827 3136 931 3192 satiare
949 3135 1054 3192 Venus.

366 3224 482 3281 Oblatas
501 3238 604 3292 sperno
622 3221 780 3287 illecebras,
799 3221 926 3278 detrecto
945 3228 1065 3291 negatas

332 3315 347 3363 4
400 3310 459 3365 Neo
478 3310 582 3364 satiare
600 3308 728 3372 animum,
746 3323 800 3362 nec
819 3308 945 3363 cruciare
963 3307 1038 3362 volo.

335 3401 351 3448 6
369 3395 482 3451 Callida
500 3395 550 3450 sed
568 3393 677 3448 mediae
695 3392 814 3448 Veneris
833 3393 900 3447 mihi
918 3393 1048 3448 venditet
1066 3400 1153 3449 artem
1171 3402 1224 3448 etc.

298 3567 384 3622 LVII.
414 3567 454 3622 lm
473 3566 536 3622 cod.
556 3565 748 3621 Salmasiauus
766 3564 917 3628 (Baehrens
935 3565 996 3619 le
1015 3565 1056 3620 IV
1073 3568 1130 3634 pb
1147 3565 1233 3621 Riese
1245 3564 1363 3622 Antbol.

227 3654 277 3710 lat.
290 3657 339 3708 275
362 3653 383 3719 [Ι
396 3669 424 3722 p.
439 3656 503 3720 1841.
548 3657 581 3718 (4.
600 3653 659 3707 Nec
678 3651 744 3706 volo
763 3651 840 3720 quod
858 3651 951 3717 satiet,
969 3666 1022 3707 nec
1046 3651 1113 3706 volo
1132 3653 1209 3719 quod
1228 3653 1361 3716 emeiot);

227 3740 300 3795 anch
319 3741 356 3795 im
374 3740 519 3796 Parisinus
537 3740 604 3792 8069
623 3755 644 3792 s.
663 3738 703 3791 XI
722 3736 783 3792 Fol.
802 3737 830 3789 lb
847 3736 991 3793 Baehrens
1010 3737 1070 3791 le
1088 3736 1129 3790 IV
1147 3753 1175 3805 p.
1196 3741 1235 3791 li.

293 3910 379 3966 LVll.
403 3914 422 3965 1.
451 3910 553 3964 Flacca.
597 3908 706 3964 Gllbsrt
722 3924 750 3977 p.
769 3910 801 3961 22
815 3924 835 3963 s.
859 3908 920 3963 hiilt
937 3910 988 3963 mit
1005 3908 1098 3964 Recht
1122 3910 1220 3967 diesen
1237 3909 1361 3966 Flaccus

225 3997 270 4052 fiir
289 3998 343 4052 den
360 3997 388 4050 io
407 3996 447 4052 IV
467 4000 499 4049 42
527 3996 595 4050 Vlll
609 3999 640 4048 to
665 3995 705 4049 lx
723 3997 756 4047 90
774 3993 975 4064 Angersdeten
993 4010 1091 4064 weges
1109 3995 1159 4052 des
1178 3996 1362 4051 vernandteu

226 4082 333 4137 luhalts
353 4083 402 4137 dor
413 4081 604 4152 Epigramma
625 4080 752 4136 dersclbe
770 4080 872 4150 gowlss
890 4080 964 4135 atreb
976 4080 989 4132 l
1003 4083 1035 4132 59
1052 4082 1110 4136 und
1123 4080 1360 4136 wahrscbeinlich

226 4168 443 4309 auehlellldql.
477 4252 562 4307 Milic
579 4281 613 4290 -
632 4257 741 4305 coctura.
778 4251 832 4306 Ein
850 4251 1066 4320 ungewbhnlich
1085 4252 1173 4307 hoher
1191 4252 1276 4306 Preis.
1296 4251 1360 4321 Vgl.

226 4339 266 4393 lll
285 4341 326 4404 62,
348 4341 358 4390 1
378 4338 438 4394 und
456 4338 496 4392 Xl
515 4341 555 4404 70,
577 4340 587 4388 l
608 4338 666 4392 und
685 4337 847 4407 llarqusrdt
866 4335 920 4390 Prl.
943 4338 989 4388 tro
1008 4335 1027 4391 i.

294 4428 316 4480 5.
337 4426 391 4479 Sed
406 4423 582 4479 swiertiolum
601 4422 709 4476 corrasit
730 4424 847 4476 ascutula
867 4423 970 4475 Phoebo
988 4422 1040 4475 Bs'a
1057 4423 1148 4477 decies.
1184 4423 1236 4478 Als
1255 4421 1360 4477 Bolon-

224 4526 302 4580 nung
320 4509 365 4565 itlr
382 4510 508 4574 Diensta
527 4509 580 4563 wie
600 4509 640 4564 sis
659 4509 708 4563 der
726 4508 869 4563 linerolus
888 4507 1025 4563 Juvensls
1042 4513 1102 4565 isat.
1116 4514 1140 4574 9)-
1157 4507 1276 4564 leistete.
1303 4507 1361 4562 Der

224 4594 311 4650 Name
330 4594 375 4650 mr
393 4595 530 4660 Jemand,
557 4596 606 4651 der
629 4594 841 4650 nnnatllrllchcr
858 4593 982 4649 Wollust
1006 4595 1127 4663 ergeben
1149 4595 1195 4657 ist,
1220 4592 1292 4649 auch
1317 4592 1358 4646 Ill

225 4683 256 4732 ⁷3
274 4680 374 4821 {123
403 4767 456 4822 Die
475 4766 599 4837 tiiglicbe
619 4767 747 4835 sportula
768 4782 825 4821 ron
850 4768 898 4818 100
918 4765 1098 4832 Quadrantem
1118 4789 1149 4811 =
1167 4767 1199 4817 25
1217 4780 1249 4820 as
1261 4786 1293 4809 --
1306 4766 1358 4829 6¹).
