2978 5414
239 830 303 893 452
648 825 685 881 ld.
704 824 811 880 Valerii
828 824 964 881 Martialis

331 997 397 1064 Sed
419 999 495 1064 viva
517 1005 673 1082 generata
695 997 736 1063 de
759 1017 927 1082 cupressu:

289 1117 306 1173 5
331 1109 422 1187 Quae
445 1129 505 1175 nec
527 1111 658 1175 saecula
680 1111 801 1175 centies
824 1116 955 1193 peracta

329 1222 398 1287 Nec
419 1222 538 1305 longae
560 1221 678 1286 cariem
701 1222 792 1286 timet
813 1227 972 1286 senectae.

328 1333 421 1399 Hanc
443 1341 486 1414 tu,
511 1333 657 1415 quisquis
679 1350 723 1412 es,
748 1351 766 1397 ο
788 1332 901 1411 malus,
926 1333 1047 1397 timete.

329 1445 413 1510 Nam
437 1445 464 1509 si
487 1445 540 1509 vel
561 1444 708 1508 minimos
730 1463 827 1508 manu
849 1444 959 1527 rapaci

330 1556 400 1620 Hoc
422 1555 463 1621 de
486 1556 618 1640 palmite
640 1554 775 1619 laeseris
796 1573 948 1637 racemos,

271 1675 307 1729 10
331 1667 500 1743 Nascetur,
522 1668 598 1731 licet
620 1666 680 1731 hcc
704 1665 784 1730 velis
807 1685 939 1749 negare,

330 1779 457 1843 Inserta
479 1777 537 1843 tibi
559 1776 639 1843 ficus
661 1796 682 1841 a
704 1795 866 1861 cupressu.

763 1966 799 2029 L.

332 2094 413 2160 Cum
436 2093 555 2160 celeret
576 2112 673 2178 puros
696 2114 820 2178 pauper
841 2093 1012 2159 Telesinus
1036 2093 1164 2170 amicos,

375 2205 514 2271 Errabat
535 2205 646 2289 gelida
667 2204 816 2271 sordidus
838 2206 871 2269 in
894 2205 1019 2288 tegula:

332 2316 495 2383 Obscenos
519 2336 559 2381 ex
582 2336 644 2399 quc
667 2318 773 2400 coepit
794 2336 906 2381 curare
929 2316 1092 2398 cinaedos,

375 2429 561 2511 Argentum,
585 2448 723 2508 mensas,
747 2427 883 2512 praedia
905 2428 992 2493 selus
1015 2428 1100 2493 emit.

291 2548 308 2602 5
332 2541 389 2604 Vis
411 2538 480 2605 fieri
503 2538 604 2620 dives,
628 2540 821 2624 Bithynice?
843 2541 988 2604 conscius
1012 2546 1096 2603 esto:

374 2650 429 2716 Nil
453 2651 511 2715 tibi
534 2652 586 2716 vel
609 2653 774 2716 minimum
797 2651 890 2716 basia
912 2670 993 2735 pura
1015 2649 1147 2715 dabunt.

786 2859 837 2922 LI.

334 2985 429 3064 Quod
452 2986 633 3051 convivaris
656 2986 726 3051 sine
748 3006 799 3050 me
822 2992 888 3050 tam
911 3003 1018 3068 saepe,
1041 2984 1199 3067 Luperee,

375 3097 499 3177 Inveni,
523 3116 655 3162 neceam
678 3117 742 3180 qua
764 3098 887 3164 ratione
909 3096 976 3161 tibi.

332 3208 471 3273 Irascor:
495 3209 571 3274 licet
593 3228 696 3291 usque
718 3227 813 3274 voees
836 3208 1009 3291 mittasque
1031 3225 1190 3290 rogesque
1212 3243 1254 3255 —

376 3318 476 3396 »Quid
498 3319 636 3385 faciest«
664 3321 782 3403 inquis.
823 3318 909 3397 Quid
931 3319 1071 3385 iaciami
1097 3318 1238 3382 veniam.

350 3542 371 3594 L
390 3545 414 3593 5.
444 3542 615 3612 Bithynice?
634 3543 705 3596 Frdl
720 3542 824 3597 Gilbert
859 3541 1018 3612 Bithynice,
1039 3541 1115 3593 Sella.

349 3628 386 3681 LI
404 3630 427 3679 3.
447 3630 551 3697 Interp.
569 3629 635 3681 need
654 3629 763 3682 Murro.
783 3627 867 3680 Schts.-
885 3627 1002 3687 Irascor,
1024 3641 1171 3695 rogesque.

350 3815 441 3869 XLIX
460 3817 483 3869 8.
513 3816 607 3884 Priap.
623 3819 654 3868 52
672 3815 749 3871 Heus
768 3823 807 3880 tu,
826 3831 884 3871 non
901 3816 972 3871 bene
992 3815 1040 3884 qul
1059 3830 1178 3880 manum,
1196 3829 1331 3883 rapacem
1350 3847 1388 3856 -

248 3901 378 3957 contines
397 3902 432 3956 ab
451 3901 541 3956 horto.
1286 3897 1289 3901 ’

316 4109 339 4159 6.
364 4106 435 4159 Plin.
454 4106 487 4161 N.
508 4107 534 4160 h.
553 4108 621 4162 XVI
641 4109 689 4159 212
716 4106 825 4161 Cariem
849 4111 1074 4177 vetustatemque
1098 4121 1155 4160 nen
1177 4105 1305 4161 sentiunt
1334 4125 1389 4163 eu·

247 4207 362 4260 pressus
386 4192 487 4247 cedrus
510 4192 635 4249 hebenus
658 4199 713 4247 ete.
733 4222 767 4230 -
784 4193 880 4246 rimam
904 4191 1086 4260 fissuramque
1107 4208 1164 4246 ucu
1181 4191 1260 4259 capit
1278 4202 1388 4260 sponte

246 4278 361 4342 cedrus,
385 4292 537 4346 cupressus
561 4285 614 4333 etc.
633 4293 760 4333 maxume
778 4284 919 4333 aeternam
936 4283 1039 4345 putant
1059 4278 1197 4333 hebenum
1216 4283 1245 4332 et
1264 4293 1390 4346 cupres-

247 4377 308 4416 sum
326 4370 380 4418 etc.
410 4364 445 4416 M.
467 4363 507 4416 Vl
527 4365 595 4426 iat
616 4364 671 4419 Sed
690 4364 757 4418 mihi
775 4370 914 4432 perpetua
931 4377 1075 4431 nunquam
1092 4363 1226 4418 moritura
1244 4377 1390 4430 cupressu

246 4447 385 4503 Phidiaca
400 4450 493 4519 rigeat
509 4449 634 4504 mentula
652 4450 739 4519 digna
757 4466 849 4504 manu.
896 4448 956 4501 cisa
975 4454 1010 4511 (v.
1031 4453 1056 4512 4)
1078 4449 1167 4504 soviel
1186 4447 1229 4503 als
1246 4447 1356 4503 vivaci.

317 4535 358 4589 ll.
383 4539 465 4606 fieus.
496 4534 628 4588 Zulee.

315 4618 346 4672 L.
366 4622 390 4674 2.
422 4619 509 4689 polida
526 4650 561 4659 —
579 4619 606 4672 in
625 4622 722 4689 tepula.
756 4621 795 4674 Zu
813 4621 855 4674 Ill
874 4622 913 4684 38,
933 4622 958 4674 9.

317 4708 342 4757 5.
374 4704 492 4758 emamus
510 4710 571 4759 esto.
605 4704 671 4760 Juv.
690 4709 713 4769 3,
733 4708 765 4757 49
789 4707 858 4772 Quis
874 4722 951 4761 nuuc
969 4705 1096 4776 diligitur
1122 4703 1177 4760 uisi
1202 4704 1338 4760 conscius
1358 4715 1389 4763 et

247 4789 295 4843 eui
313 4788 425 4845 fervens
443 4789 565 4847 Aestuat
583 4791 704 4847 occultis
724 4791 831 4847 animus
850 4807 1015 4863 semperque
1033 4792 1171 4849 tacendis.
