2978 5414
299 1223 346 1306 ll.
374 1222 525 1306 Valerii
551 1221 746 1305 Martialis
773 1221 1089 1325 Epigrammateu

605 1413 701 1476 ursos
722 1413 777 1476 v1.

680 1619 705 1683 Ι.

217 1745 336 1812 Sextus
358 1748 493 1814 mittitur
515 1747 567 1812 bie
590 1745 649 1812 tibi
670 1746 807 1825 libellus,

217 1860 255 1924 In
278 1860 389 1943 primis
410 1859 490 1925 mibi
512 1877 585 1924 care
607 1857 778 1924 Martialis:

217 1969 319 2048 Quem
342 1972 370 2036 si
392 1971 522 2037 terseris
545 1988 623 2034 aure
645 1967 802 2052 diligenti,

217 2081 360 2148 Audebit
381 2082 488 2146 minus
510 2083 626 2146 anxius
647 2088 851 2163 tremensque

176 2200 192 2255 5
217 2195 352 2277 Magnas
375 2194 524 2260 Caesaris
547 2194 581 2258 iu
602 2211 717 2258 manus
739 2193 858 2258 venire.

673 2416 714 2480 II.

218 2549 323 2613 Lusus
346 2552 414 2611 erat
436 2564 549 2611 saurae
571 2544 709 2610 conubia
729 2543 844 2610 fallere
866 2544 991 2623 taedae,

260 2659 366 2723 Lusus
388 2664 421 2723 et
442 2657 617 2723 immeritos
640 2658 806 2722 execuisse
828 2675 945 2722 mares.

218 2771 363 2853 Utraque
385 2776 421 2834 tu
442 2767 603 2852 prohibes,
627 2768 757 2847 Caesar,
780 2770 972 2853 populisque
993 2767 1109 2835 futuris

262 2880 437 2960 Succurrit,
460 2881 550 2945 nasei
573 2878 659 2963 quod
681 2880 751 2944 sine
772 2878 887 2946 fraude
908 2879 1013 2945 iubes.

177 3001 194 3056 5
217 2993 286 3058 Nee
300 2992 402 3077 spado
418 2993 483 3057 iam
498 3011 558 3057 nee
571 2990 725 3057 moechus
741 2992 801 3057 erit
822 3000 854 3057 te
877 2990 1027 3076 praeside
1043 2994 1229 3076 quisquam:

261 3105 304 3169 At
325 3105 413 3189 prius
442 3108 469 3186 (ο
491 3104 624 3186 meresll
648 3109 680 3168 et
701 3101 804 3186 spado
826 3102 977 3168 moechus
1000 3113 1077 3170 erat.

134 3262 338 3271 ..—-———

236 3344 264 3398 ΙΙ
284 3346 307 3398 l.
339 3345 450 3409 taedae]
468 3344 571 3399 thedae
595 3343 721 3405 YRSclm
757 3343 824 3399 sede
844 3345 868 3405 Q
886 3344 985 3406 (Raad
1001 3345 1100 3409 thede)
1135 3349 1161 3400 4.
1187 3348 1265 3416 quod

139 3432 187 3492 ΤΟ
195 3429 282 3484 scant
316 3444 387 3499 quos
406 3428 483 3482 EFoa
503 3429 553 3481 Ser
571 3428 665 3482 Salat

133 3568 339 3579 ——-—-

201 3651 224 3706 1.
242 3652 266 3703 2.
297 3650 447 3704 Martialis.
479 3649 609 3704 zalus.

201 3737 312 3792 11.1.2.
342 3736 396 3791 Die
414 3735 443 3790 ln
462 3736 568 3791 diesem
579 3733 660 3789 Buch
679 3733 753 3791 lister
765 3737 802 3802 (43
821 3736 849 3800 ῖς
868 3737 915 3800 22;
933 3738 979 3801 453
995 3738 1037 3801 91)
1058 3737 1200 3792 srwdhute
1219 3736 1264 3792 lex

133 3824 169 3878 de
187 3821 348 3888 adulteriis,
373 3822 436 3877 eine
453 3821 638 3889 Emeuerung
661 3820 711 3876 der
733 3835 791 3875 uon
808 3818 924 3890 August
942 3822 1108 3893 gegebeueu
1125 3822 1171 3878 lex
1188 3822 1267 3879 Julla

133 3909 170 3964 de
189 3907 334 3963 adulteriis
353 3914 382 3962 et
400 3913 499 3977 stupro
521 3907 591 3963 oder
608 3907 644 3961 de
663 3905 802 3975 pudicitia
821 3905 869 3970 (VI
888 3908 911 3971 l,
932 3911 963 3974 r),
981 3924 1039 3963 war
1059 3909 1133 3963 ohne
1151 3908 1265 3965 Zweifel

134 4009 207 4064 gana
225 3992 352 4048 kltralieh
373 3992 439 4062 (agl.
453 3993 527 4047 auch
545 3990 617 4047 qu
631 3994 671 4056 75)
684 3990 810 4048 erlassen
821 3993 944 4049 worderu
975 3991 1020 4048 SG
1030 3992 1072 4046 ΠΙ
1083 3996 1143 4048 482.
1174 3993 1267 4050 Ueber

132 4080 185 4135 das
203 4078 311 4134 Verbot
328 4080 378 4134 der
395 4079 596 4149 Eutmannuug
614 4094 649 4132 zu
666 4077 694 4132 11
712 4081 753 4131 60.

202 4168 225 4216 5.
252 4164 385 4235 prunido·
417 4163 501 4219 Zuv
519 4166 543 4229 ³,
562 4168 585 4218 3.

202 4252 226 4303 6.
255 4250 339 4319 spado
360 4251 487 4304 moechus.
523 4249 591 4305 Juv.
612 4251 641 4314 6,
666 4250 715 4303 366
742 4248 815 4305 Sunt
839 4265 910 4319 quas
934 4249 1056 4304 eunuchi
1080 4250 1207 4306 imbelles
1232 4266 1266 4306 ae

133 4334 230 4390 mollia
247 4350 357 4404 semper
375 4335 480 4393 Oscula
498 4334 647 4390 delectent
