2978 5414
340 383 573 454 epigrammaton
591 383 675 439 Liber
693 383 705 437 1
725 383 762 448 (iu
780 383 836 439 den
854 382 880 439 J.
901 382 997 451 05186).
1164 386 1226 449 223

180 556 246 623 Sed
269 565 394 641 spectat
415 557 517 624 oculis
540 555 772 623 devorantibus
795 553 931 620 draucos

180 670 249 735 Nec
271 670 382 734 otiosis
404 671 564 735 mentulas
586 665 676 733 videt
697 667 808 733 labris.

179 779 317 858 Quaeris
341 781 413 863 quis
436 780 490 845 hic
511 781 574 845 siti
604 777 735 845 Excidit
756 777 836 843 mihi
860 797 987 843 nomen.

595 933 727 999 XCVII.

181 1047 259 1112 Cum
283 1047 423 1112 clamant
445 1064 566 1124 omnes,
590 1045 732 1128 loqueris
755 1051 840 1122 tunc,
864 1043 1019 1121 Naevolo,
1042 1051 1176 1122 tantum,

223 1159 265 1223 Et
286 1165 318 1223 te
341 1165 510 1242 patronum
534 1155 798 1238 causidicumque
820 1164 924 1241 putas.

181 1269 251 1334 Hac
273 1269 397 1334 ratione
419 1274 526 1353 potest
548 1288 641 1333 nemo
663 1287 727 1333 non
749 1286 822 1333 esse
844 1266 994 1333 disertus.

224 1382 316 1453 Ecce,
341 1385 450 1445 tacent
471 1398 596 1446 omnes:
621 1379 777 1458 Naevole,
801 1378 853 1445 dic
875 1377 1007 1462 aliquid.

589 1516 737 1582 XCVIII.

180 1629 303 1712 Litigat
326 1635 358 1694 et
379 1626 527 1713 podagra
548 1626 719 1706 Diodorus,
742 1626 869 1703 Flacco,
893 1627 1029 1693 laborat.

224 1738 290 1805 Sed
312 1739 360 1804 nil
382 1746 517 1823 patrono
540 1740 687 1824 porrigit:
712 1739 793 1805 haec
815 1738 974 1823 cheragra
995 1747 1054 1806 est.

603 1893 720 1960 XCIX.

181 2007 253 2071 Non
276 2006 408 2090 plenum
431 2005 524 2072 modo
548 2006 648 2071 vicies
670 2005 826 2080 habebas,

181 2116 247 2182 Sed
270 2123 336 2182 tam
360 2115 516 2201 prodIgus
539 2124 637 2200 utque
660 2116 805 2183 liberalis

181 2229 223 2294 st
245 2235 312 2294 tam
334 2228 444 2294 lautus
468 2247 553 2307 eras,
578 2228 711 2310 Calene,
737 2235 772 2294 ut
794 2246 905 2293 omnes

183 2338 343 2425 Optarent
365 2340 423 2405 tibi
447 2339 568 2405 centies
591 2339 698 2404 amici.

139 2460 156 2513 5
180 2450 282 2517 Audit
303 2458 380 2518 vota
402 2450 482 2517 deus
504 2468 683 2535 precesque
704 2458 830 2515 nostras

181 2563 288 2646 Atque
311 2564 405 2641 intra,
429 2570 515 2647 puto,
541 2562 696 2646 septimas
719 2560 886 2627 Kalendas

181 2675 300 2740 Mortes
323 2674 384 2739 hoc
406 2674 465 2739 tibi
488 2681 640 2756 quattuor
661 2672 828 2739 dedemnt.

181 2787 224 2851 At
246 2794 280 2851 tu
303 2785 351 2850 sic
373 2785 467 2868 quasi
489 2804 554 2850 non
576 2784 659 2851 foret
681 2784 837 2863 relictum,

182 2896 247 2963 Sed
270 2905 397 2981 raptum
421 2897 479 2963 tibi
502 2898 634 2976 centies,
658 2896 755 2962 abisti

121 3016 157 3071 10
181 3009 365 3074 intantum
389 3009 486 3074 miser
509 3009 726 3085 esuritionem,

181 3119 225 3186 Ut
248 3120 398 3185 convivia
420 3120 668 3205 sumptuosiora,

182 3232 264 3297 Toto
288 3251 374 3314 quae
396 3232 497 3296 semel
521 3251 663 3316 apparas
684 3232 718 3296 in
741 3250 835 3307 anno,

182 3342 305 3425 Nigrae
328 3341 477 3408 sordibus
501 3342 646 3427 explices
668 3350 826 3419 monetae,

165 3514 204 3565 12.
226 3513 308 3567 ocutis
326 3514 520 3568 deum-autibus.
549 3513 591 3567 IX
610 3516 650 3579 39,
669 3517 684 3566 3
709 3513 858 3583 oculisque
878 3513 1009 3569 comedit.

165 3600 206 3650 13.
226 3598 317 3655 latria
341 3598 406 3669 Vgl.
424 3599 490 3656 Juv.
509 3602 534 3664 9,
555 3602 588 3652 35
606 3598 750 3668 spumanti
768 3598 933 3655 -labello
956 3599 1069 3654 (rium.

135 3739 138 3744 .
162 3682 283 3740 XCVIII
303 3688 326 3740 1.
356 3687 461 3740 Flacco.
494 3684 647 3741 Vielleicht
664 3685 715 3741 der
731 3685 745 3739 I
764 3689 795 3738 51
816 3685 994 3755 ongeredeto.

163 3767 267 3825 XCIX.
298 3771 358 3826 Das
377 3771 492 3835 Thema,
513 3770 581 3826 dass
599 3787 698 3841 grosse
711 3771 906 3841 Vermehrung
922 3771 974 3827 des
986 3771 1162 3842 Vormttgens
1175 3771 1232 3826 bis·

93 3854 195 3910 weilen
213 3853 283 3912 Gelu
301 3857 508 3927 hervorbringt,
527 3856 577 3912 hat
595 3857 630 3911 Id.
650 3856 723 3912 such
741 3857 755 3911 1
775 3859 823 3910 103
841 3857 900 3913 und
917 3857 958 3912 IV
976 3860 1006 3911 01
1027 3857 1189 3914 behandelt.

164 3943 188 3996 1.
215 3942 326 4010 plenum
358 3941 453 3996 ciam.-
483 3942 573 3998 soviel
603 3943 646 3999 uls
679 3945 782 3997 135000
808 3942 896 3998 Muris
931 3943 1047 4001 Plenum
1071 3944 1179 3999 centies
1208 3941 1232 3994 V

93 4028 135 4089 70,
159 4028 174 4078 2
205 4026 314 4084 centies
343 4028 437 4084 luxum
459 4026 501 4082 111
527 4030 572 4093 22,
596 4031 612 4081 2
647 4029 743 4085 tricies
772 4028 883 4085 eoldum
905 4029 946 4084 IV
968 4033 1014 4094 37,
1037 4032 1062 4082 1.
1103 4027 1231 4091 Iiultsch,

92 4110 259 4182 IIetroiogIe
277 4115 302 4165 2.
320 4113 410 4184 Ausg.
429 4116 489 4175 205,
509 4118 534 4167 1.

162 4201 187 4252 d.
206 4198 313 4252 centies:
343 4198 538 4254 2115000112.

164 4286 205 4338 10.
226 4284 405 4340 coriticam.
442 4283 633 4341 Catullisehes
651 4283 742 4342 Wort.
768 4302 793 4342 c.
814 4288 856 4351 21,
877 4289 904 4352 l;
924 4289 966 4350 23,
987 4288 1025 4339 11.

163 4372 204 4422 13.
225 4370 347 4440 explices.
384 4370 602 4440 Vgl.1103,s.
