2978 5414
386 387 616 458 EpIgrammaton
633 387 717 443 Liber
735 389 749 442 I
772 389 808 452 ,iu
826 389 882 444 deu
900 389 919 444 J
924 435 926 438 .
949 389 1048 457 85186).
1221 394 1282 457 193

665 560 778 625 XLVI.

237 673 316 738 Cum
340 673 421 739 dicis
446 673 616 756 „Propero
642 673 744 737 faosi
767 672 883 751 faois‚“
906 672 1044 757 Hedyle,
1068 673 1204 756 languet

277 786 427 850 Protinus
450 792 483 850 et
505 792 612 849 cessat
634 783 806 850 debilitata
827 786 947 851 Venus.

235 897 416 980 Expectare
438 895 529 961 iube:
554 897 698 962 velocius
721 895 774 960 ibo
796 904 950 962 retentus.

277 1006 414 1092 Hedyle,
439 1010 466 1073 si
490 1028 652 1092 properas,
677 1007 729 1072 dic
752 1008 839 1087 milri,
863 1028 904 1073 ue
927 1028 1104 1092 properem.

651 1170 782 1236 XLVII.

235 1282 346 1365 Nuper
366 1289 436 1347 erat
457 1281 611 1361 medicus,
636 1302 721 1348 nuuc
742 1289 792 1348 est
814 1282 944 1366 vispillo
968 1282 1121 1349 Diaulus:

277 1391 370 1470 Quod
393 1393 523 1477 vispillo
545 1393 633 1472 facit,
657 1393 780 1460 fecerat
802 1401 834 1458 et
855 1393 1009 1459 medicus.

637 1557 786 1622 XLVIII.

234 1667 379 1733 Rictibus
402 1668 453 1734 his
475 1676 585 1735 tauros
607 1689 671 1734 non
694 1670 842 1753 eripuere
864 1670 1018 1752 magistri,

276 1780 338 1844 Por
360 1799 440 1862 quos
463 1779 586 1864 praeda
608 1780 820 1865 fugauitque
843 1779 991 1863 reditque
1013 1780 1121 1864 lepus;

232 1889 390 1973 Quodque
412 1893 516 1975 magis
538 1893 664 1973 misum,
690 1891 831 1957 velocior
853 1892 921 1957 exit
943 1892 984 1956 ab
1008 1891 1100 1957 hoste

275 2003 343 2068 Neo
365 2003 445 2068 nihil
469 2024 489 2068 a
511 2011 602 2069 tanta
624 2003 794 2069 nobilitate
817 2003 923 2068 refert.

190 2121 206 2173 5
231 2114 344 2178 Tutior
366 2116 399 2178 in
422 2115 493 2180 sola
515 2136 577 2181 uon
602 2123 651 2181 est
673 2135 745 2181 cum
769 2115 866 2180 currit
888 2114 1021 2194 harena,

274 2226 341 2290 Nec
363 2245 465 2292 eavea
487 2233 578 2292 tanta
600 2226 749 2292 conditur
770 2226 827 2292 ille
850 2224 923 2291 lide.

230 2336 264 2400 Si
288 2337 391 2402 vitare
415 2357 529 2403 eanum
552 2358 688 2419 morsus,
714 2338 808 2422 lepus
830 2338 983 2421 improbe,
1008 2340 1137 2421 quaeris

272 2447 323 2513 Ad
347 2469 431 2531 quae
454 2449 622 2534 confugias
645 2470 701 2514 ora
723 2448 826 2515 leonis
849 2448 962 2515 habes.

648 2595 766 2660 XLIX.

229 2707 285 2770 Vir
307 2706 479 2772 Celtiberis
502 2727 565 2772 non
589 2705 725 2773 tacende
747 2705 899 2789 gentibus

271 2819 474 2901 Nostraeque
497 2818 570 2884 laus
593 2819 783 2902 Hispaniae,

209 2988 299 3044 XLVI
318 2944 389 3045 [r.
422 2990 532 3061 Hedyle
558 2991 608 3044 Sor
632 2991 718 3044 scial
762 2987 923 3059 (Htedyillle
947 2989 1112 3053 IIEXBCO
1138 2989 1275 3055 helideQ

140 3073 243 3144 Hedyli
261 3077 375 3146 Bentley
394 3076 488 3130 Scine

208 3160 327 3215 XLVIII
351 3167 376 3215 3.
402 3161 538 3228 velocior]
563 3162 608 3217 vel
627 3160 736 3224 laetior,
754 3160 800 3215 vel
818 3159 907 3216 tutior
925 3160 1056 3214 ERoltde.

207 3314 329 3370 XLVIII
348 3318 373 3368 2.
405 3315 489 3386 Verg.
503 3315 537 3372 A.
556 3316 595 3371 VI
610 3317 658 3369 122
676 3315 754 3384 itque
772 3314 902 3383 reditque
920 3314 995 3370 mam
1008 3312 1089 3370 Ovid.
1109 3313 1190 3371 lav
1204 3321 1227 3382 7,
1242 3320 1274 3371 11

138 3401 217 3469 itque
235 3402 364 3471 reditque
383 3402 446 3458 vias
466 3401 624 3467 [claudian.
643 3417 726 3456 earm.
747 3401 812 3455 min.
834 3405 875 3466 ³4,
893 3404 930 3462 41.

206 3538 311 3594 XLVII
332 3542 354 3593 1.
371 3540 478 3597 Paulus
496 3540 564 3594 Exc.
583 3538 661 3594 Festi
679 3554 709 3607 p.
722 3536 818 3591 36911.
834 3536 983 3592 Martialis:
1012 3537 1064 3604 Qut
1077 3536 1170 3595 fuerat
1181 3540 1272 3596 medi-

137 3640 195 3688 cus,
215 3642 290 3680 nunc
308 3632 353 3682 est
370 3625 493 3694 vespillo
511 3625 640 3681 Diaulus.

138 3724 342 3732 --.—-.—-—

204 3761 319 3819 XLVII.
338 3763 404 3833 Vgl.
425 3764 438 3817 I
457 3766 499 3819 30.

205 3848 334 3902 XLVIII.
354 3847 421 3919 Vgl.
441 3849 455 3903 I
473 3853 499 3903 6.

207 3938 229 3987 1.
251 3935 389 4004 Mapt'rtrr'.
426 3935 466 3990 Zu
484 3934 523 4003 Sp
544 3938 584 4000 10,
605 3936 627 3989 1.

204 4021 228 4071 2.
250 4019 322 4089 itque
339 4020 460 4090 reditque
479 4043 510 4067 =
528 4019 570 4075 vl
590 4022 629 4084 10,
647 4021 672 4073 8.

204 4110 229 4159 3.
249 4105 370 4160 velocior.
405 4105 531 4171 Aeetam,
550 4106 603 4160 wie
622 4122 686 4161 marr
709 4109 845 4160 erwarten
868 4104 965 4171 sollte,
989 4104 1077 4161 durch
1102 4104 1147 4160 die
1166 4104 1272 4160 Furoht

133 4191 259 4261 geliihmt
277 4208 312 4247 zu
331 4193 403 4256 selu,
428 4192 488 4248 also
513 4191 644 4261 augleioh
668 4197 816 4247 munterer.
852 4191 995 4257 1104,1r
1020 4190 1096 4256 Quos
1121 4190 1205 4245 velox
1229 4190 1272 4246 le-

133 4294 234 4346 porum
268 4281 351 4334 timor
368 4277 481 4347 fatigat.

202 4364 302 4420 XLIX.
341 4363 388 4419 An
405 4364 489 4419 einen
507 4364 700 4428 Landsmanm
718 4363 897 4425 Licinianus,
915 4362 966 4417 der
983 4363 1057 4417 uach
1075 4362 1088 4415 I
1107 4364 1147 4427 61,
1170 4366 1196 4415 11
1217 4363 1270 4418 wie

184 4465 274 4508 umal
288 4467 306 4507 1.
1032 4466 1062 4518 13
