2978 5414
248 788 310 852 218
654 784 690 839 ll.
707 784 814 839 Valerii
833 783 969 839 Martialis

223 1024 228 1034 ,
333 958 405 1023 Nun
427 957 610 1039 convivere,
634 975 695 1022 nee
716 955 828 1022 videre
851 956 967 1036 saltim,

333 1070 405 1135 Non
428 1067 541 1135 audire
563 1068 646 1148 lieet,
671 1086 731 1134 nee
753 1067 833 1133 urbe
855 1075 923 1133 tota
1003 1129 1006 1133 ,

273 1189 308 1245 10
332 1180 510 1263 Quisquam
535 1187 584 1246 eat
606 1186 672 1244 tam
693 1199 795 1264 prope
818 1187 883 1244 tam
906 1181 1082 1264 proculque
1105 1180 1206 1246 nobis.

331 1291 536 1377 Migrandum
559 1298 609 1357 est
630 1290 708 1355 mihi
732 1291 860 1375 longius
883 1292 936 1356 vel
960 1292 1019 1356 illi.

332 1405 464 1469 Vieinus
486 1404 590 1469 Novio
613 1403 666 1468 vel
689 1403 865 1486 inquilinus

332 1516 389 1596 Sit,
414 1515 441 1580 si
465 1514 538 1596 quis
557 1515 695 1580 Novium
719 1513 830 1580 videre
853 1535 916 1580 non
940 1515 1017 1579 vult.

714 1695 909 1760 LXXXVII.

332 1828 382 1893 Ne
403 1826 514 1910 gravis
536 1824 686 1890 hesterno
709 1823 843 1907 fragres,
857 1818 1060 1904 ‘Fescennid
1084 1825 1172 1914 vino,

374 1936 528 2003 Pastillos
550 1935 659 2002 Cosmi
682 1935 848 2002 luxuriosa
870 1954 976 2001 voras.

332 2050 400 2115 Ista
421 2048 526 2115 linunt
547 2045 663 2113 dentes
685 2048 858 2127 iantaaula‚
884 2045 942 2112 sed
965 2046 1045 2111 nihil
1067 2047 1208 2119 obstant,

375 2161 525 2225 Extremo
548 2165 658 2224 ruetus
681 2179 752 2224 eum
775 2157 859 2224 redit
881 2179 902 2224 a
924 2158 1087 2224 barathro.

290 2282 306 2335 5
331 2270 416 2350 Quid
440 2270 525 2353 quad
548 2271 614 2335 olet
635 2271 767 2355 gravius
789 2271 925 2335 mixtum
947 2269 1151 2354 diapasmate
1174 2271 1262 2335 virus

373 2384 480 2466 Atque
503 2380 623 2466 duplex
647 2382 775 2447 animae
798 2382 926 2466 langius
950 2382 1017 2447 exit
1039 2381 1138 2447 odori

331 2496 433 2560 Notas
456 2514 533 2579 ergo
555 2493 651 2559 nimis
674 2491 806 2558 fraudes
829 2492 1053 2577 deprensaque
1076 2493 1162 2559 furta

375 2608 444 2672 lam
468 2605 565 2672 tollas
589 2613 621 2671 et
643 2606 688 2671 sis
711 2605 802 2671 ebria
824 2606 1023 2691 simpliciter.

706 2786 918 2851 LXXXVIII.

330 2898 465 2977 Alcime,
489 2916 585 2981 quem
607 2904 735 2982 raptum
757 2896 886 2963 domino
909 2896 1128 2962 arescentibus
1151 2896 1245 2960 annis

375 3009 540 3075 Laviaana
562 3009 628 3075 levi
651 3010 796 3093 caespite
818 3009 908 3074 velat
930 3008 1055 3076 humus.

347 3214 493 3268 LXXXVI
511 3218 535 3268 8.
554 3213 647 3269 saltim
671 3216 701 3269 Τ.

348 3299 509 3354 LXXXVII
532 3303 555 3351 3.
574 3298 723 3370 jantaanla
750 3301 829 3355 TPF
857 3300 1003 3371 jaataanla
1028 3300 1201 3355 EXABOG
1236 3298 1383 3354 ientacula

247 3390 329 3451 ΟΜ
347 3390 402 3458 aas
418 3387 524 3450 Raaur)
543 3405 564 3437 ω
601 3385 716 3441 obstant
737 3387 836 3440 Odoin
873 3385 1035 3442 obstentT
1068 3385 1165 3440 obstat
1183 3384 1282 3446 PQFa
1297 3384 1355 3437 Sar.

251 3503 454 3511 ,ᾑμ-

349 3555 523 3615 LXXXVIII
544 3559 565 3609 l.
585 3555 666 3613 ovid.
677 3557 746 3615 Aa.
760 3558 774 3612 1
789 3559 819 3610 61
841 3557 897 3615 Seu
917 3557 1027 3627 caperis
1046 3556 1143 3626 primis
1161 3563 1190 3611 et
1208 3555 1302 3611 adhue
1321 3569 1382 3609 are-

245 3642 390 3701 scentibus
409 3643 498 3698 annis.

316 3832 355 3885 ll.
374 3830 527 3899 inquilinae.
565 3832 773 3902 llansgenosse,
797 3833 823 3887 Is
847 3832 895 3902 qui
914 3833 1032 3889 eundem
1052 3831 1121 3886 colit
1139 3830 1242 3887 locam.
1279 3828 1382 3885 Festus

247 3931 276 3985 p.
297 3918 339 3969 79.

315 3999 905 4073 LXXXVll.l.Vgl.129,1undV4.

315 4088 339 4138 t.
364 4087 458 4141 Ommi.
495 4086 614 4145 Cosmus
648 4088 698 4144 der
726 4088 835 4145 damals
861 4088 1053 4145 barllhmteste
1084 4085 1290 4142 Parftlmerien-
1322 4085 1382 4139 und

246 4173 512 4229 iissenaenhiindlar
529 4174 625 4230 Roms.
651 4174 716 4244 Vgl.
736 4174 779 4229 III
799 4177 846 4240 tt;
867 4175 899 4227 82
918 4173 973 4228 VII
992 4176 1021 4226 ll
1044 4179 1086 4239 (ἧς
1105 4172 1145 4226 XI
1164 4175 1194 4233 ὃς
1218 4175 1262 4235 15;
1287 4173 1329 4235 18;
1348 4173 1382 4222 5⁰

246 4258 301 4313 XII
320 4262 366 4323 tt;
386 4262 419 4311 65
438 4258 506 4315 XIV
525 4263 571 4323 593
593 4263 657 4323 110;
680 4262 736 4314 146.

310 4345 446 4415 pastillos.
473 4345 539 4415 Vgl.
559 4344 655 4400 Horat.
675 4343 733 4401 Sat.
752 4345 804 4409 12,
826 4346 857 4396 27
876 4344 935 4400 nnd
954 4343 967 4397 I
986 4348 1010 4408 l,
1029 4345 1072 4398 92.

314 4435 339 4486 5.
362 4431 542 4503 diapasmate.-
566 4430 757 4499 Strenpnlvar.
783 4429 855 4484 Plin.
881 4428 915 4483 II.
935 4430 962 4484 h.
984 4429 1053 4484 Xlll
1075 4431 1105 4481 19
1125 4427 1224 4493 (Siaais
1248 4427 1383 4484 adoribus

247 4522 367 4581 constat,
387 4531 460 4586 quae
479 4516 657 4586 diapasmata
674 4521 820 4581 vocantur)
842 4516 901 4570 und
918 4514 985 4569 XXI
1007 4516 1065 4569 125.

314 4601 498 4659 LXXXVIII.
533 4601 596 4658 Ani
619 4602 674 4658 den
693 4602 757 4657 Tod
782 4601 859 4657 elnes
877 4601 914 4655 im
932 4601 1067 4657 Knaben·
1090 4600 1159 4657 oder
1177 4606 1271 4656 ersten
1289 4598 1383 4668 Jllng-

247 4688 395 4757 lingsalter
412 4688 568 4745 stehenden
585 4686 709 4744 Sklaven
720 4687 787 4752 ills,
810 4688 859 4743 der
878 4703 914 4742 an
932 4687 982 4743 der
993 4687 1041 4742 via
1053 4686 1197 4743 Lauicana
1211 4684 1384 4756 (Marquardt

249 4772 304 4828 Prl.
326 4775 385 4837 352,
409 4777 430 4841 l)
448 4773 593 4844 bagraben
610 4790 676 4828 war.
