2978 5414
175 745 238 810 226
298 813 301 817 ,
581 745 616 799 bl·
635 744 741 801 Valerii
759 745 895 804 Martialis

304 918 456 1001 Explicat
478 926 510 983 et
532 937 630 984 oenas
652 920 749 984 unies
772 940 884 986 mensa
906 919 1000 995 duas,

260 1031 301 1095 Et
324 1030 495 1095 Veientani
518 1029 638 1095 bibitur
661 1029 736 1095 faex
759 1050 869 1098 crassa
891 1033 1020 1116 rubelli,

200 1159 235 1214 19
304 1147 387 1211 Asse
410 1145 494 1209 oioer
516 1141 660 1225 tepidum
683 1150 807 1208 constat
830 1153 863 1211 et
884 1165 958 1211 asse
980 1147 1099 1212 Venus.

259 1260 381 1333 luins,
406 1276 424 1321 o
448 1254 551 1321 fallax
574 1261 672 1337 atque
693 1255 858 1337 infitiator,
883 1275 1008 1323 eamus:

303 1371 368 1436 Aut
390 1369 465 1434 vive
488 1373 545 1432 aut
567 1365 688 1448 decies,
714 1367 884 1450 Soaevola,
910 1368 1010 1435 redde
1033 1369 1113 1436 deis.

703 1504 784 1570 CIV.

260 1620 349 1685 Pieto
373 1616 459 1701 quod
481 1618 559 1700 iuga
580 1615 721 1680 delicata
744 1617 825 1682 eollo

259 1730 384 1796 Pardus
407 1729 544 1794 sustinet
566 1727 795 1812 inprobaeque
818 1730 917 1812 tigres

259 1842 434 1925 Indulgent
456 1841 645 1923 patientiam
668 1839 810 1923 flagello,

260 1953 406 2019 Mordent
428 1971 527 2017 aurea
549 1950 636 2033 quod
657 1951 772 2036 lupata
794 1953 889 2031 cervi,

218 2076 235 2131 5
260 2063 354 2143 Quod
376 2063 475 2128 irenis
497 2063 611 2146 Libyei
634 2063 804 2129 domantur
826 2066 892 2129 ursi

260 2179 312 2258 Et,
338 2183 493 2258 quantum
516 2173 664 2258 Calydon
687 2175 800 2239 tulisse
822 2174 934 2253 fertur,

260 2288 357 2353 Paret
379 2287 549 2372 purpureis
572 2305 651 2370 aper
673 2288 835 2370 capistris3

260 2401 386 2483 Turpes
408 2398 525 2464 esseda
547 2396 632 2481 quod
656 2397 787 2463 trahunt
809 2398 951 2464 bisontes

261 2511 303 2577 Et
323 2510 438 2576 molles
460 2509 539 2576 dare
561 2510 652 2574 iussa
675 2507 761 2591 quod
783 2509 916 2576 ohoreas

199 2631 235 2687 19
259 2624 359 2707 Nigro
382 2621 482 2687 belua
504 2641 567 2687 uon
588 2628 687 2704 negat
710 2622 877 2705 magistro:

259 2733 338 2812 Quis
361 2733 547 2818 spectacula
568 2752 632 2798 non
654 2740 745 2817 putet
767 2731 921 2798 deerunt

241 2887 349 2942 9199.
369 2886 464 2954 irenis]
489 2886 567 2941 freno
588 2888 637 2948 Po
650 2886 708 2939 Ser.
749 2889 788 2939 to.
809 2902 865 2941 non
879 2888 929 2948 PQ
937 2887 1022 2940 99191
1045 2887 1115 2942 nibil
1128 2889 1304 2944 EXABFo

173 2975 213 3030 nil
234 2976 301 3027 Solen
310 2976 327 3026 ¹.

175 3072 342 3082 ——

243 3115 267 3164 8.
293 3111 358 3180 Vgl.
380 3110 453 3171 199,
475 3112 512 3162 13.

242 3199 266 3248 9.
297 3195 444 3250 Veientani.
486 3195 555 3249 Eine
578 3194 628 3249 der
652 3195 816 3264 goringsten
838 3193 1017 3251 Weinsorten
1041 3196 1082 3249 ΙΙΙ
1105 3199 1146 3260 tt),
1173 3201 1193 3248 1.
1232 3197 1307 3252 llar-

173 3283 277 3355 quardt
294 3281 350 3337 Prl.
371 3283 428 3345 439,
448 3283 488 3334 20.

246 3371 284 3422 10.
303 3371 371 3421 Α999
389 3365 458 3420 cicer
476 3370 587 3419 constat.
613 3364 653 3419 Zu
671 3364 685 3417 I
701 3367 741 3429 ll,
759 3369 782 3418 5.
810 3366 922 3421 Patron.
944 3384 967 3420 o.
988 3369 1016 3418 11
1035 3383 1121 3422 unum
1139 3369 1306 3437 dipondium

176 3459 199 3523 (2
213 3460 263 3519 as),
283 3468 339 3521 quo
359 3453 434 3507 oioer
452 3451 622 3521 lupinosque
641 3451 883 3506 destinaveramus
902 3453 1027 3506 mereari.
1081 3466 1087 3477 ·

241 3545 266 3594 et
289 3558 346 3593 aare
377 3540 472 3593 Verus.
508 3537 629 3603 1153‚7
659 3534 688 3591 Si
716 3536 828 3605 plebeia
852 3537 948 3594 Venus
971 3538 1082 3607 gemino
1106 3539 1157 3594 tibi
1180 3540 1307 3610 iungitur

172 3640 244 3682 asse.
263 3626 304 3679 IX
322 3627 388 3689 ³2³
407 3623 486 3678 llano
504 3622 578 3688 volo,
597 3639 680 3693 quam
698 3630 789 3679 totnnr
807 3623 919 3680 redimit
936 3624 1068 3679 denarius
1086 3622 1165 3679 alter.
1194 3625 1235 3679 IX
1253 3628 1303 3691 4,1

171 3711 304 3767 Aureolis
322 3709 396 3765 futui
415 3725 478 3764 eum
496 3710 589 3777 possit
613 3707 695 3764 Galla
713 3709 825 3765 duobus
848 3709 884 3765 Et
907 3709 972 3778 plus
994 3726 1077 3780 qnam
1096 3708 1169 3765 futui
1193 3711 1218 3765 si
1236 3712 1308 3767 toti·

173 3798 236 3853 dem
254 3795 398 3852 addideris
416 3802 470 3850 oto.
499 3794 526 3848 X
539 3799 570 3847 15
589 3793 666 3849 111119
679 3794 780 3864 viginti
794 3809 836 3850 me
849 3796 991 3865 quondam
1004 3794 1086 3850 Galla
1100 3796 1236 3864 poposcit
1248 3803 1306 3852 ete.

171 3882 227 3938 v11
247 3885 286 3946 19,
305 3885 320 3934 3
347 3880 480 3937 Centenis
503 3879 591 3936 futuit
611 3880 708 3936 Matho
731 3880 852 3936 milibus.
888 3880 953 3951 Vgl.
980 3880 1204 3937 Hannon-Orelli
1228 3886 1305 3936 1399.

173 3970 247 4022 1399.
278 3968 331 4021 Rh.
350 3965 421 4021 llus.
441 3966 524 4022 XVII
545 3968 592 4018 139
611 3967 669 4021 und
687 3965 844 4021 Buecheler
862 3966 923 4021 das.
943 3966 1042 4020 XVlIl
1061 3969 1119 4020 391.

243 4056 282 4105 11.
309 4054 345 4105 In
368 4052 409 4105 ias
430 4082 466 4091 —
489 4071 586 4106 eumue.
622 4052 678 4106 Xll
703 4055 743 4115 91,
766 4055 795 4102 19
819 4050 861 4106 Sit
884 4053 998 4108 tandem
1021 4053 1113 4121 pudor
1136 4060 1186 4108 aut
1208 4070 1306 4110 eamus

172 4141 201 4194 in
219 4138 272 4194 ius.
486 4141 525 4192 12,
544 4137 609 4191 viee.
637 4137 709 4192 zui
730 4140 768 4201 15,
787 4142 812 4191 4.

240 4221 312 4277 CIV.
344 4222 384 4277 Zu
403 4222 449 4275 19
473 4223 533 4278 und
555 4224 624 4279 liber
646 4224 692 4278 (119
710 4222 894 4291 Vorsllbrung
917 4223 1125 4293 abgeriohteter
1145 4223 1248 4280 Tbiere
1267 4225 1305 4280 inr

171 4308 388 4378 Amphitheater
405 4307 452 4363 SG
470 4309 499 4362 ll
518 4312 568 4362 399
586 4307 605 4363 l.

241 4400 265 4448 5.
287 4392 383 4465 Lybiot'
399 4394 465 4447 arri.
496 4394 679 4450 Numidieohe
697 4394 796 4455 Bttreu,
816 4393 861 4449 SG
880 4395 908 4448 ll
927 4398 984 4449 192.

240 4485 264 4534 9.
287 4481 412 4550 Calydon.
447 4479 512 4550 Vgl.
532 4479 574 4533 IX
592 4483 633 4546 19,
652 4483 667 4532 9
691 4480 749 4534 und
772 4480 814 4533 XI
832 4483 873 4544 99,
895 4483 926 4532 19
950 4480 1077 4546 Quantus
1096 4488 1157 4537 erat
1175 4481 1308 4553 Calydon

174 4574 223 4623 ant
241 4565 411 4638 Erymanthe
430 4571 505 4622 tuus.

240 4654 264 4704 9.
286 4654 325 4705 19.
355 4652 450 4707 Titnse
468 4668 526 4706 von
543 4651 723 4720 Elephanton
740 4650 908 4722 ausgetilhrt
926 4650 971 4706 SG
989 4652 1018 4705 ll
1036 4656 1096 4706 391.
1128 4653 1245 4709 1191999
1264 4654 1308 4709 919

172 4736 451 4806 Elephantenwartor
469 4738 511 4792 Vl
529 4741 569 4803 11,
588 4741 603 4790 9
623 4736 668 4792 SG
686 4737 700 4791 1
719 4740 760 4802 20,
781 4741 802 4789 t.
