2978 5414
244 379 474 450 Epignommaton
491 378 575 434 Liber
592 376 633 431 VI
654 378 735 444 (editt
752 376 876 433 Sommer
893 379 962 433 oder
978 377 1082 434 Herbst
1098 380 1152 443 90).
1196 379 1259 444 437

652 550 742 616 XIV.

222 663 341 726 Versus
363 662 502 728 seribere
524 680 618 746 posse
639 669 671 727 te
694 660 829 728 disertos

221 772 380 852 Affirmas,
403 773 532 838 Laberi:
558 772 635 854 quid
658 791 734 856 ergo
755 792 819 837 non
840 773 911 837 visi

221 885 340 949 Versus
362 884 502 949 seribere
524 885 578 966 qui
601 891 706 968 potest
727 882 875 966 disertos,

221 995 420 1075 Consoribat,
445 995 573 1061 Laberi:
597 995 700 1058 virum
723 994 851 1079 putabo.

658 1157 728 1222 XV.

221 1269 306 1333 Dum
327 1266 547 1333 Phaethontea
568 1266 702 1334 formica
723 1274 859 1350 vagatur
879 1267 914 1330 iu
935 1266 1056 1345 umbra,

263 1379 416 1463 Inplicuit
436 1387 563 1444 tenuem
586 1380 699 1444 sucina
719 1385 812 1462 gutta
833 1378 945 1443 feram.

222 1491 257 1556 Si
279 1489 372 1555 modo
396 1509 479 1572 quae
500 1488 605 1555 fuerat
627 1491 695 1555 vita
716 1496 898 1573 oontempta
918 1496 1079 1571 manente,

264 1600 443 1665 Funeribus
466 1599 552 1666 faeta
573 1608 622 1666 est
643 1620 727 1665 nuno
748 1601 890 1685 pretiosa
910 1601 988 1665 suis.

652 1762 741 1827 XVI.

223 1875 273 1938 'In
296 1875 350 1955 qui
372 1893 455 1957 pene
477 1874 563 1938 viros
584 1881 685 1939 terres
708 1881 741 1939 et
760 1871 845 1938 false
867 1872 1026 1952 cinaedos,

265 1986 382 2068 Iugera
404 1985 536 2067 sepositi
559 2004 663 2068 pauca
685 1991 775 2050 tuere
796 1983 868 2049 soli.

222 2096 277 2161 Sio
298 2102 355 2160 tua
376 2114 439 2159 non
461 2096 580 2160 intrent
602 2096 701 2160 vetuli
723 2093 986 2178 pomeriatam,

266 2205 331 2271 Sed
352 2225 432 2290 puer
455 2213 487 2270 et
508 2207 612 2289 longis
634 2205 767 2289 pulchra
788 2206 898 2288 puella
920 2206 1025 2271 comis.

643 2367 745 2432 XVII.

222 2478 366 2556 Cinnam,
391 2477 555 2557 Cinname‚
579 2486 611 2544 te
633 2478 724 2543 iubes
746 2478 864 2543 voeari.

223 2590 294 2654 Non
317 2596 366 2654 est
387 2587 449 2667 hio,
473 2608 559 2671 rogo,
585 2588 700 2667 Cinna,
724 2588 963 2653 barbarismus?

238 2802 306 2855 XIV
323 2804 349 2855 4.
378 2800 546 2857 conscribat
564 2803 649 2855 Scbn²
682 2801 747 2856 Non
764 2802 870 2857 scribat
887 2802 959 2855 codd.
980 2802 1072 2854 Scluat

238 2887 305 2942 XVI
321 2889 347 2939 2.
379 2888 432 2942 soli
456 2888 548 2941 YRM
557 2888 626 2941 Saba
660 2887 717 2943 loci
737 2888 838 2948 omne
853 2889 902 2940 Ser
936 2890 961 2940 4.
993 2892 1022 2941 et
1041 2888 1182 2943 TRXBC
1192 2889 1261 2941 Scbn

137 2980 167 3028 et
178 2974 252 3044 fehlt
270 2974 300 3026 F.
332 2979 381 3027 aut
400 2973 472 3034 QFe
491 2974 547 3025 Sor.

239 3144 305 3198 XVI
324 3146 347 3195 2.
382 3142 462 3198 Ovid.
481 3143 512 3197 F.
530 3142 573 3196 III
593 3143 640 3196 192
665 3143 821 3211 Iugernque
845 3141 945 3197 inculti
967 3157 1061 3210 pauca
1083 3149 1178 3199 tenere
1196 3144 1258 3201 soli.

136 3235 162 3285 4.
194 3228 274 3285 ovid.
292 3227 354 3283 Am.
373 3229 386 3281 I
407 3232 428 3294 1,
448 3231 481 3281 20
498 3227 558 3283 Aut
575 3244 645 3297 puer
663 3235 713 3283 aut
730 3227 824 3296 longis
842 3232 957 3296 compta
973 3227 1070 3296 puella
1088 3230 1183 3285 eomis.

138 3398 278 3457 Basrelief
292 3399 461 3455 Lanoellotti
485 3399 546 3454 nult
563 3400 650 3455 Amor
672 3399 763 3454 neben
780 3399 877 3454 Venus
901 3398 957 3454 den
974 3406 1068 3456 cestus
1085 3400 1115 3454 In
1131 3400 1259 3458 thden.

137 3485 269 3541 Weloker
287 3502 322 3541 au
339 3484 488 3541 Konuner
505 3483 578 3541 Hdb.
597 3485 623 3539 d.
642 3483 774 3540 Arohtiol.
793 3488 850 3549 377,
870 3487 894 3537 5.

205 3571 331 3626 Acidalia
356 3573 450 3625 Venae.
483 3570 534 3626 Boi
552 3570 635 3639 Vorg.
654 3568 688 3622 Α.
707 3570 782 3622 1427
800 3570 874 3625 nach
892 3568 1006 3627 Servius
1023 3587 1079 3626 von
1098 3570 1147 3626 der
1165 3571 1261 3636 Quelle

136 3655 268 3711 Acidalia
289 3657 336 3712 bei
359 3655 548 3711 Orchomenos
572 3657 603 3710 in
626 3655 777 3718 Boeotien,
800 3671 845 3711 wo
869 3655 965 3711 Venus
989 3657 1040 3711 mit
1064 3659 1118 3712 den
1143 3655 1261 3712 Granien

136 3741 246 3798 badete.

203 3827 269 3882 XIV
290 3831 312 3882 1.
331 3830 355 3880 3.
384 3828 424 3881 Zu
442 3828 469 3880 II
488 3829 530 3891 41,
548 3830 589 3880 34.

204 3917 229 3966 t.
260 3913 347 3966 airam
359 3914 471 3982 putabo.
503 3911 739 3981 Spriohwbrtlioh,
758 3904 810 3965 urio
827 3909 873 3966 bei
886 3909 984 3967 Cicero
1002 3914 1038 3967 ad
1054 3912 1186 3978 Quintum
1204 3911 1262 3968 Ira·

135 4005 206 4053 trem
224 3998 253 4052 11
271 4000 295 4062 9,
314 4001 338 4048 3.
367 3998 431 4068 Vgl.
450 3997 479 4051 II
497 4000 538 4063 69,
557 4000 572 4049 8
591 3998 615 4053 si
632 3998 675 4052 vir
693 4012 731 4062 es,
750 4011 818 4052 ecee
835 4012 917 4067 nega.

204 4082 266 4136 XV.
295 4082 359 4151 Vgl.
378 4100 413 4138 nu
431 4082 472 4137 IV
490 4084 531 4135 32.

203 4165 305 4234 XVII.¹
323 4166 416 4224 Ueber
433 4167 573 4235 derartige
589 4167 901 4238 Namens'anderungen,
923 4165 1092 4220 namentlich
1110 4182 1168 4221 von
1184 4167 1262 4223 Frei-

130 4251 315 4321 gelassenen,
342 4253 389 4308 die
418 4254 498 4308 ihren
522 4251 654 4308 fritherun
677 4253 884 4310 Sklavenstand
913 4266 1064 4320 vergessen
1087 4268 1122 4307 nn
1146 4253 1263 4308 maohen

129 4335 301 4391 wtinsehten
318 4336 363 4393 SG
381 4339 396 4392 I
418 4341 474 4390 177.
