2978 5414
362 389 594 458 Epigrammaton
611 388 696 444 Liber
713 389 727 443 I
746 390 783 443 lin
802 390 855 445 don
873 389 901 446 J.
920 391 1016 459 sesso).
1203 395 1266 458 225

216 560 372 627 Destituit
393 562 514 646 primos
536 561 650 627 viridis
673 561 858 628 Demetrius
882 582 999 628 annos:

257 672 381 751 Quarta
404 673 507 739 tribus
529 673 640 739 lustris
663 672 777 739 addita
798 676 914 739 messis
937 682 1015 739 orat.

174 793 190 847 5
215 786 265 851 Ne
288 792 395 850 tamen
419 784 461 851 ad
485 784 618 869 Stygias
640 785 781 851 famulus
804 785 1016 851 descenderet
1038 786 1177 866 umbras,

258 899 376 964 Ureret
396 898 587 982 implicitum
611 916 683 962 curn
706 898 866 963 scelerata
888 898 971 979 lues,

216 1010 369 1075 Cavimus
392 1016 424 1074 et
447 1007 567 1074 domini
589 1010 641 1074 ius
662 1028 757 1104 onrne
779 1010 961 1074 remisimus
984 1028 1097 1093 aegro:

256 1122 390 1187 Munere
413 1120 532 1204 dignus
556 1128 627 1186 erat
648 1121 853 1186 convaluisse
875 1140 955 1186 meo.

218 1234 327 1299 Sensit
349 1232 503 1299 deficiens
526 1253 587 1298 sua
608 1234 755 1316 praemia
777 1252 892 1316 meque
914 1240 1084 1316 patronum

155 1355 191 1409 to
257 1345 349 1410 Dixit
372 1344 414 1410 ad
435 1344 580 1409 infomas
602 1345 685 1410 liber
707 1346 810 1409 iturus
834 1365 947 1428 aquas.

663 1516 733 1581 ΟΠ.

216 1626 278 1705 Qui
302 1628 407 1712 pinxit
429 1628 585 1692 Venerem
609 1634 708 1709 tuam,
734 1628 861 1712 Lycori,

215 1739 399 1819 Blanditiis,
423 1747 509 1823 puto,
535 1739 637 1823 pictor
659 1745 708 1803 est
731 1739 907 1806 Minervae.

652 1920 739 1985 CIII.

217 2031 270 2096 »Si
294 2031 443 2097 dederint
465 2032 573 2114 superi
598 2030 706 2097 decies
728 2031 806 2097 milri
829 2032 920 2097 milia
942 2040 1089 2098 centum«

259 2143 400 2209 Dicebas
423 2141 574 2224 nondum,
601 2142 768 2223 Scaevola,
792 2144 897 2210 iustus
920 2163 1031 2227 eques,

215 2252 383 2331 »Qualiter
405 2275 423 2319 o
446 2255 567 2334 vivam,
593 2274 688 2336 quam
712 2255 804 2338 large
826 2275 989 2338 quamque
1012 2255 1142 2320 beatelr

258 2367 410 2432 Riserunt
432 2365 546 2431 faciles
569 2372 602 2431 et
624 2366 766 2431 tribuere
789 2365 851 2431 dei.

173 2487 189 2540 5
215 2477 383 2544 Sordidior
405 2478 506 2543 multo
528 2484 602 2560 post
623 2477 684 2542 hoc
707 2484 794 2561 toga,
818 2479 963 2562 paenula
983 2480 1085 2563 peior,

258 2590 395 2656 Calceus
419 2596 468 2654 est
491 2595 579 2653 sarta
601 2596 715 2671 terque
737 2597 915 2671 quaterque
938 2597 1027 2655 cute:

214 2703 330 2784 Deque
353 2701 465 2766 decern
487 2699 598 2784 plures
620 2719 749 2784 semper
771 2708 940 2767 servantur
962 2702 1080 2783 olivae,

231 2907 296 2962 Clll
315 2910 339 2961 6.
358 2913 456 2976 terque
475 2912 630 2975 quaterque
650 2908 676 2960 P
692 2907 772 2969 (suaet
789 2907 922 2970 Honores)
942 2906 1085 2976 Quisque
1103 2915 1260 2978 quaterque

129 2992 370 3047 EXABCDFG.

127 3181 295 3251 gelassenen
318 3180 466 3236 Schreiber
488 3179 660 3245 Demetrius,
683 3181 733 3235 der
756 3179 895 3236 Gedichte
917 3197 973 3237 von
996 3182 1032 3236 ll.
1058 3182 1103 3238 fllr
1125 3184 1172 3239 dis
1189 3183 1263 3240 Cae·

129 3282 213 3330 sares,
233 3267 261 3322 d.
282 3267 309 3321 h.
330 3266 385 3321 wol
404 3264 449 3320 fllr
467 3265 549 3321 Titus
567 3266 626 3320 und
644 3264 787 3321 Domitian
805 3267 991 3336 geschrieben
1008 3269 1096 3324 hatto.

199 3356 223 3404 3.
255 3352 296 3406 XI
316 3355 355 3416 11,
375 3355 390 3403 5
412 3350 464 3405 Vir
480 3356 565 3421 rogat
581 3357 614 3406 ut
630 3351 711 3407 vivat
728 3351 834 3408 virides
851 3368 905 3408 nec
923 3355 1037 3410 deserat
1054 3370 1153 3410 annos

198 3442 222 3492 5.
254 3439 290 3490 ad
314 3437 421 3507 sayqiaa
437 3467 473 3476 -
494 3437 600 3490 umbrae
623 3461 654 3483 =
677 3437 691 3491 l
715 3440 772 3504 111,
791 3441 815 3494 5.
850 3439 892 3493 XI
920 3441 961 3503 sl,
988 3442 999 3491 1
1029 3439 1146 3511 StygIas
1169 3471 1200 3479 -
1226 3442 1264 3496 nd

127 3525 240 3580 umbras
264 3546 295 3569 =
318 3523 376 3576 XII
399 3525 441 3587 90,
460 3527 484 3577 3.
514 3522 571 3576 XII
589 3526 630 3587 52,
651 3526 681 3576 tt
705 3523 769 3579 Non
793 3524 846 3579 erit
869 3523 898 3579 in
922 3522 1023 3595 Stygla
1049 3527 1144 3582 notior
1165 3527 1264 3582 umbra

128 3609 220 3664 domo.
253 3609 318 3678 Vgl.
340 3609 411 3663 euch
431 3624 466 3663 zu
486 3608 499 3661 I
517 3611 558 3673 36,
576 3612 591 3660 5
610 3609 670 3664 und
688 3609 702 3663 Ι
719 3613 761 3674 ts,
780 3613 805 3663 l.

196 3699 220 3749 a.
239 3695 380 3767 deficiam:
400 3695 542 3750 sterbend.

199 3785 237 3834 ro.
258 3782 295 3834 ad
312 3781 434 3853 r'rffemaa
451 3810 485 3819 -
504 3800 586 3850 aquae
605 3805 636 3827 =
656 3781 698 3835 IX
716 3784 757 3841 29,
776 3784 800 3834 2.

196 3865 257 3922 011.
292 3866 358 3935 Vgl.
377 3866 402 3920 V
420 3868 462 3917 10.

196 3952 270 4007 Clll.
309 3952 374 4021 Vgl.
392 3951 406 4005 1
425 3955 468 4005 99.

198 4042 220 4093 1.
241 4037 325 4092 decies
342 4037 419 4091 milia
437 4043 548 4092 centum.
579 4037 636 4094 Der
654 4039 849 4095 senatorisehe
867 4039 976 4096 Census
998 4042 1104 4105 1119521
1126 4040 1222 4103 111511ιέ.

195 4128 220 4180 2.
242 4125 357 4178 nondum
373 4154 409 4163 —
427 4123 512 4177 inetur
530 4142 615 4195 equae.
652 4123 733 4181 Noch
752 4125 833 4181 nicht
850 4125 887 4180 im
905 4126 1002 4183 Besitz
1019 4127 1071 4182 des
1088 4126 1264 4182 ritterIIchen

127 4207 236 4266 Census
254 4226 312 4265 von
330 4213 432 4263 10011011
455 4210 602 4266 Sesternen
626 4211 718 4277 (81009
737 4210 836 4273 Markl.
869 4212 932 4282 Vgl.
955 4213 996 4267 IV
1014 4216 1056 4277 61,
1074 4215 1090 4263 1
1109 4211 1147 4268 Ut
1165 4219 1265 4281 posset

127 4295 243 4351 domino
262 4297 398 4364 plaudere
416 4296 621 4368 iustus'eques.

195 4384 220 4434 5.
234 4384 361 4451 pacatula.
399 4382 615 4451 Regenmantel.
634 4381 798 4453 llarquurdt
814 4381 872 4437 Prl.
893 4383 969 4438 5171.

179 4482 269 4525 >laniat
283 4484 301 4527 Ι.
1026 4489 1056 4539 15
