2978 5414
374 392 605 461 Epigrammstou
621 390 706 446 Liber
723 390 736 443 1
757 389 796 455 (in
813 390 869 446 den
886 388 914 445 J.
935 388 1033 457 85186).
1212 391 1273 454 179

228 566 330 630 Maior
352 563 507 647 deceptae
530 564 617 628 sema
639 569 689 627 est
711 569 743 628 et
764 562 868 645 gloria
890 560 1038 626 dextraec

273 676 308 740 Si
332 695 395 740 non
419 681 567 754 enasset,
592 675 714 740 lecerat
736 672 795 738 illa
816 675 931 738 minus.

653 827 759 892 XXII.

229 939 315 1019 Quid
337 960 400 1005 nou
422 958 523 1005 saeva
545 939 631 1022 fugis
647 937 775 1022 placidi
798 938 891 1022 lepus
912 957 968 1004 ora
991 937 1114 1003 lconisi

271 1053 435 1136 Frangere
457 1057 521 1115 tam
545 1069 663 1134 parvos
685 1070 749 1115 nou
771 1047 913 1116 didicere
934 1048 1029 1115 ieras.

216 1163 407 1229 Servantur
428 1164 554 1246 magnis
577 1163 630 1227 isti
654 1161 831 1227 cervicibus
854 1180 979 1244 ungues

272 1276 341 1340 Nec
363 1273 485 1358 gaudet
506 1274 595 1339 tenui
618 1274 777 1357 sunguine
798 1279 888 1338 tanta
910 1273 990 1338 sitIs.

188 1396 204 1448 5
230 1385 357 1452 Praeda
379 1405 493 1451 cauum
515 1385 608 1468 lepus
632 1392 689 1454 est.
714 1392 822 1451 vastos
844 1404 907 1449 non
929 1384 1042 1468 implet
1064 1382 1187 1449 hiatus:

273 1499 345 1562 Nou
368 1497 479 1562 timeat
502 1496 609 1562 Dacus
632 1496 782 1562 Caesaris
804 1516 894 1561 erma
917 1515 1004 1580 puer.

647 1667 771 1732 XXIII.

232 1780 354 1845 Invitas
377 1779 499 1844 nullum
521 1781 583 1844 nisi
607 1798 680 1844 cum
703 1799 777 1862 quo,
803 1779 905 1857 Cotta,
929 1779 1050 1844 lavaris

274 1892 315 1956 Et
337 1889 416 1955 dant
439 1891 606 1955 convivam
629 1890 747 1956 balnea
769 1891 840 1956 solu
862 1890 931 1956 tibi.

229 2001 377 2075 Mirabar,
403 2020 502 2083 quare
524 2021 686 2083 uunquam
709 2021 769 2080 me,
794 2001 900 2082 Cotta,
925 2019 1090 2067 vocasses:

279 2114 346 2177 Iam
370 2113 447 2188 scio,
473 2096 531 2178 me
547 2111 668 2178 nudum
691 2113 896 2197 dispIIcuisse
919 2112 986 2177 tibi.

654 2266 773 2332 XXIV.

233 2378 363 2462 Aspicis
385 2377 556 2460 incomptis
578 2377 680 2457 illum,
704 2378 856 2456 Deciens,
881 2377 1017 2460 capillis,

277 2489 377 2554 Cuius
401 2494 433 2553 'et
455 2490 525 2572 ipse
548 2489 641 2554 times
664 2490 755 2555 triste
778 2489 995 2574 supercilium,

153 2604 379 2696 ‘XXII-1.
401 2643 474 2708 Quid
492 2658 550 2698 non
567 2658 654 2698 saeve
673 2645 768 2696 Duum
803 2643 876 2709 Quid
895 2659 970 2698 nunc
988 2658 1073 2698 sceva
1091 2641 1162 2695 codd.

254 2787 349 2843 XXIV
370 2790 392 2842 l.
411 2787 496 2857 Prop.
510 2787 550 2842 IV
563 2792 612 2854 5,9
631 2787 726 2843 Sicine
744 2804 805 2844 enm
818 2789 970 2857 incomptis
983 2787 1080 2844 vidisti
1093 2787 1158 2844 flere
1171 2785 1283 2856 cupilfis

148 2873 245 2929 Horat.
265 2871 295 2927 C.
314 2873 327 2926 1
348 2875 387 2936 12,
407 2877 435 2925 11
457 2875 611 2943 Inpomptis
629 2873 743 2929 Curium
762 2874 882 2943 capillis.
923 2876 948 2929 3.
966 2873 1062 2929 Horat.
1081 2874 1155 2942 Epp.
1175 2874 1189 2928 I
1209 2877 1230 2938 l,
1249 2875 1282 2927 84

149 2959 185 3014 lit
210 2959 334 3014 muribus
357 2957 449 3014 CuriIs
473 2966 502 3014 et
524 2959 677 3015 decantato
697 2958 831 3017 Camillis.
873 2960 971 3016 Lucan
989 2960 1044 3015 VII
1062 2962 1111 3014 358
1134 2958 1282 3015 Sicanios

149 3046 194 3100 his
213 3044 274 3099 istu
293 3046 393 3100 darent
411 3045 586 3113 reducesque
604 3043 738 3102 Camillos
757 3045 952 3114 Temporibus.

149 3284 172 3340 0
218 3198 315 3338 ΧΙΧΙΙΙ
336 3202 357 3252 l.
377 3202 401 3252 4.
430 3199 464 3254 In
482 3200 532 3254 der
549 3199 669 3255 Hdschr.
688 3201 738 3256 der
750 3200 898 3284 Leipziger
912 3199 1162 3257 Studtbibliothek.
1187 3199 1284 3267 Haupt

174 3301 221 3354 pp.
272 3302 298 3354 p.
317 3286 376 3337 291.

151 3437 194 3492 uls
211 3437 381 3506 Schauspicl
399 3439 532 3496 benutnte
551 3437 723 3509 Bestruiung
741 3440 819 3495 eines
832 3439 1028 3503 Verbrechers,
1047 3441 1096 3496 der
1114 3439 1157 3496 sis
1175 3439 1284 3494 Mucius

153 3523 292 3579 Scaevola
311 3525 388 3579 scine
406 3524 489 3579 Hand
507 3525 576 3580 iiber
594 3526 684 3580 eincm
702 3525 865 3595 gluhcnden
877 3524 1100 3582 Kohlenbeckeu
1111 3525 1284 3581 verbreuueu

151 3609 247 3664 losseu
265 3615 380 3664 musste.
418 3608 482 3679 Vgl.
508 3608 553 3665 SG
577 3611 605 3665 ll
630 3613 688 3664 868.
728 3610 782 3666 Dic
805 3610 859 3665 Art
883 3610 933 3666 der
956 3609 1127 3681 Bestrsfung
1151 3612 1209 3667 und
1234 3611 1284 3666 des

153 3694 336 3763 Schsuspiels
355 3695 467 3750 scheInt
485 3701 566 3750 unter
583 3696 729 3751 Domitian
747 3695 895 3752 mehrmsls
914 3697 1081 3753 wiederholt
1099 3714 1134 3752 nu
1152 3698 1220 3754 sein.

220 3785 245 3832 i.
268 3780 345 3833 iussit
363 3781 437 3834 abire
456 3804 487 3828 =
505 3780 574 3836 VIII
593 3784 634 3846 56,
657 3787 687 3834 10
714 3782 756 3837 XI
774 3785 816 3846 ⁴3,
835 3784 859 3835 8.

221 3865 312 3920 XXII.
342 3866 480 3936 Vgi.16.

222 3956 247 4006 6,
268 3953 360 4005 Docto
374 3971 454 4022 puer.
491 3952 532 4009 Ob
557 3952 603 4007 ein
621 3953 770 4009 dacIscher
793 3953 920 4024 Feldnug
938 3955 1027 4011 sehon
1045 3971 1096 4011 vor
1114 3958 1146 4007 88
1165 3960 1285 4022 stuttge-

154 4033 261 4092 sundeu
280 4038 337 4102 hut,
356 4038 393 4093 ist
411 4036 592 4094 nweiIoihsst.
617 4038 698 4095 linoln
710 4040 851 4096 Eusebins
863 4040 949 4096 brach
969 4042 1033 4096 ders
1052 4040 1186 4096 decischc
1199 4039 1286 4109 Kricg

154 4124 186 4173 88
204 4122 273 4178 oder
290 4124 323 4175 86
342 4140 401 4189 nus,
420 4124 449 4179 iu
467 4124 602 4180 weichcm
619 4123 755 4180 lctztereu
774 4125 860 4181 Jshrc
878 4126 940 4182 dies
952 4125 1032 4181 Buch
1051 4126 1125 4182 edirt
1148 4127 1194 4181 ist.
1226 4126 1286 4180 Das

154 4206 315 4279 Epignomm
337 4211 376 4265 ist
399 4210 633 4266 wahrscheiulich
655 4227 707 4265 vor
731 4211 794 4266 dem
811 4211 922 4281 Beglun
945 4213 995 4267 des
1013 4211 1131 4283 Kricges
1155 4210 1285 4273 uerisset,

153 4292 196 4350 uls
214 4295 276 4350 selu
293 4294 488 4352 Bcvorstehen
506 4297 535 4351 in
550 4297 623 4352 Rom
641 4297 745 4352 bereits
763 4296 999 4367 Tagesgespriich
1017 4314 1083 4353 wer.
1103 4297 1175 4352 Einl.
1190 4295 1284 4352 S.53f.

223 4379 325 4436 XXIV.
356 4380 418 4436 Ani
433 4382 516 4437 einen
533 4382 582 4438 der
601 4383 709 4439 damnis
727 4382 757 4437 ln
774 4382 847 4437 Rom
865 4383 1043 4439 zshlreichen
1056 4383 1197 4439 Heuchler
1215 4383 1285 4440 stoi-

1023 4488 1077 4539 ¹2·
