2978 5414
266 385 496 454 Epigrammaton
513 381 597 438 Liber
615 380 656 436 Vl
675 381 758 446 (edirt
775 380 899 436 Sommer
917 382 985 437 oder
1002 381 1107 438 llerbst
1125 384 1178 447 96).
1233 386 1299 449 459

245 555 339 635 Quod
361 575 433 621 eum
455 555 637 639 panticibus
660 553 745 619 laxis
768 560 801 618 et
822 572 894 618 oum
916 553 1000 636 pede
1022 553 1138 637 grandi

181 676 221 733 20
244 670 286 734 Et
308 668 402 732 rubro
425 669 575 750 pulmone
597 673 691 732 vetus
712 665 866 747 nasisque
888 664 1065 731 timendum

246 778 362 846 Omnia
383 777 523 845 erudelis
546 778 652 843 lanius
675 796 733 860 per
755 777 894 859 eompita
915 783 1030 859 portat

245 890 355 957 Audes
378 896 555 974 praeterea,
580 908 659 972 quos
682 887 789 953 nullus
811 888 944 966 noverit
969 889 1002 952 in
1024 907 1076 953 me

245 1002 392 1068 Scribere
413 1000 589 1068 versiculos
611 1001 746 1065 miseras
769 1006 802 1064 et
823 998 960 1082 perdere
982 998 1119 1064 obartas.

245 1113 288 1178 At
310 1114 337 1177 si
361 1112 439 1195 quid
461 1119 590 1177 nostrae
611 1111 670 1176 tibi
694 1110 769 1175 bilis
791 1111 943 1175 inusserit
966 1109 1072 1191 ardor,

182 1231 222 1287 25
245 1225 341 1289 Vivet
363 1232 395 1290 et
416 1223 564 1289 haerebit
584 1229 717 1305 totaque
739 1221 921 1305 legetur·in
943 1222 1031 1302 urbe,

241 1323 407 1419 ‘Stigmata
428 1355 487 1401 neo
509 1333 602 1399 vafra
624 1332 747 1399 delebit
769 1332 944 1399 Cinnamus
967 1339 1047 1398 arte.

247 1445 313 1512 Sed
335 1447 487 1511 miserere
508 1446 565 1515 tui.
589 1444 701 1511 rabido
723 1464 783 1509 neo
805 1442 949 1528 perditus
971 1463 1027 1509 ore

246 1559 435 1622 Fumantem
458 1575 572 1622 nasum
593 1557 661 1621 vivi
684 1556 891 1639 temptaveris
914 1557 992 1620 ursi.

247 1668 296 1734 Sit
318 1667 466 1753 plaoidus
488 1667 565 1733 lieet
588 1675 619 1733 et
641 1666 765 1732 lambat
786 1666 969 1750 digitosque
991 1686 1179 1750 manusque,

184 1786 222 1843 36
248 1780 281 1845 Si
306 1779 397 1845 dolor
418 1787 451 1845 et
473 1779 560 1859 bilis,
586 1787 618 1845 et
640 1779 726 1844 iusta
747 1780 889 1862 ooegerit
911 1779 968 1857 ira,

246 1891 349 1957 Ursus
373 1891 446 1956 erit:
470 1909 575 1955 vaoua
597 1888 710 1955 dentes
733 1889 767 1953 in
789 1889 876 1972 pelle
898 1888 1016 1973 fatiges

246 2003 287 2068 Et
309 2002 439 2068 taeitam
463 2020 610 2083 quaeras,
634 2020 731 2082 quam
753 2001 858 2086 possis
880 2000 1003 2079 rodere,
1028 2020 1167 2067 earnem.

673 2223 769 2287 LXV.

249 2352 467 2418 »Hexametris
492 2351 690 2436 epigramma
711 2349 807 2417 fanis«
831 2351 896 2417 soio
919 2350 1027 2417 dioere
1049 2352 1199 2418 Tueeam.

292 2465 409 2543 Tuooa,
433 2464 516 2529 solet
537 2462 616 2543 fieri,
641 2461 790 2544 denique,
813 2463 931 2540 Tuoea,
955 2464 1040 2529 lieet.

248 2574 329 2641 »Sed
352 2582 459 2640 tamen
482 2574 542 2640 boo
563 2574 694 2657 longum
717 2580 790 2639 est«
821 2572 912 2639 Solet
933 2573 994 2640 hoo
1015 2595 1151 2658 quoque,
1176 2576 1295 2658 Tucca,

658 2684 812 2767 licetque:

293 2797 328 2861 Si
351 2796 499 2862 breviora
521 2796 649 2880 probas,
673 2795 813 2862 disticha
834 2799 903 2862 sola
925 2797 1025 2881 legas.

209 2917 225 2971 5
251 2908 429 2974 Conveniat
451 2907 552 2985 nobis,
577 2915 612 2973 ut
634 2906 684 2972 sas
707 2909 939 2992 epigrammata
962 2910 1060 2992 longa

293 3018 342 3084 Sit
364 3019 501 3084 transire
522 3018 590 3099 tibi,
614 3018 763 3099 seribere,
787 3019 907 3100 Tueea,
931 3018 1020 3085 mibi.

232 3259 325 3314 LXIV
347 3262 389 3314 16.
415 3258 548 3328 nasisque
567 3259 668 3321 QEFo
704 3259 822 3330 narique
844 3260 869 3312 T
919 3260 960 3315 25.
994 3266 1161 3329 totaque-
1179 3262 1248 3319 urbe
1272 3265 1300 3318 Y

168 3346 237 3398 Solon
272 3350 390 3413 totoque
407 3374 442 3385 -
459 3345 526 3401 orbe
546 3344 648 3407 QEFo
660 3346 718 3398 Ser.

233 3549 326 3605 LXIV
344 3551 385 3602 13.
413 3549 509 3605 Horat.
523 3551 614 3619 Epod.
629 3552 689 3616 11,2
707 3551 828 3606 seribere
846 3550 1002 3607 versiculos
1021 3568 1114 3610 amore
1132 3571 1297 3624 percussum

166 3637 255 3706 gravi.
318 3638 359 3687 25.
382 3634 478 3690 Horat
498 3633 524 3688 S.
544 3635 572 3689 ll
592 3638 620 3701 l,
643 3638 676 3688 16
695 3635 756 3700 (Qui
776 3650 820 3690 me
846 3637 998 3703 commorit)
1024 3668 1055 3677 -
1079 3639 1174 3696 Flebit
1198 3650 1227 3696 et
1254 3642 1297 3697 in·

167 3722 256 3793 signis
281 3727 343 3777 tota
365 3720 526 3777 cantabitur
543 3720 622 3777 urbe.
659 3719 772 3776 Censol.
792 3722 836 3777 ad.
854 3722 914 3778 Liv.
934 3726 982 3777 ²67
1002 3731 1120 3794 totoque
1141 3725 1251 3796 legetur
1269 3727 1299 3782 in

166 3823 246 3863 aevo.
288 3808 329 3859 27.
359 3805 442 3874 Verg.
465 3805 499 3861 A.
518 3805 572 3861 Vll
590 3808 637 3858 151
660 3806 757 3862 rabido
775 3836 810 3846 —
823 3823 878 3863 ore.

235 4015 276 4066 23.
302 4012 416 4082 perdere
440 4012 552 4066 ctarm
591 4012 618 4065 ΙΙ
638 4014 661 4076 1,
682 4015 697 4064 1
716 4012 828 4069 brevior
850 4043 884 4052 -
908 4014 1008 4071 charta
1030 4015 1114 4083 perit.
1151 4016 1220 4073 Xlll
1242 4022 1300 4084 1,3

168 4097 280 4154 Perdite
297 4126 332 4137 -
349 4096 446 4152 llueae
463 4127 498 4136 -
515 4113 649 4167 papyros.
868 4119 871 4124 ·

236 4185 277 4236 26.
311 4183 462 4240 &nomae
497 4182 631 4239 Offenbur
655 4183 732 4238 einer
755 4184 805 4239 der
822 4184 940 4249 Aetate,
967 4186 1013 4241 dte
1037 4187 1098 4242 eleb
1117 4188 1221 4245 darant*
1235 4204 1301 4246 ver·

168 4270 301 4334 standen,
325 4268 500 4337 ehemaligen
518 4267 642 4324 Sklaven
659 4269 869 4326 Brandmurken
894 4286 945 4326 aus
969 4272 1019 4327 der
1044 4271 1121 4328 Haut
1144 4290 1178 4330 ru
1202 4276 1301 4347 tilgen.

169 4350 234 4421 Vgl.
254 4353 281 4407 X
299 4357 340 4418 56,
359 4357 375 4407 6
393 4354 437 4410 SG
456 4353 469 4406 l
488 4355 537 4407 363
556 4354 614 4409 und
632 4356 690 4420 356,
709 4359 733 4408 1.
