2978 5414
263 806 325 870 498
670 800 705 855 lll.
723 799 831 856 Valerii
848 800 984 856 Martialis

304 984 320 1038 5
345 973 559 1040 Perdiderant
582 974 647 1037 iam
669 979 745 1038 vota
767 979 886 1038 metum
908 990 1086 1054 securaque
1108 970 1207 1037 flebat

389 1092 409 1163 †
432 1086 579 1151 Tristitia
602 1090 634 1149 et
656 1083 797 1149 lacrimis
820 1083 948 1165 iamque
971 1090 1121 1166 peractus
1144 1101 1229 1148 eras.

346 1198 418 1262 Non
441 1196 515 1261 tulit
537 1194 693 1260 invidiam
716 1194 807 1259 taciti
828 1200 980 1276 regnator
1001 1195 1121 1260 Averni

388 1308 430 1373 Et
451 1314 561 1390 raptas
584 1307 674 1371 Fatis
697 1304 839 1371 reddidit
860 1306 930 1389 ipse
953 1304 1051 1370 colus.

345 1419 415 1486 Scis
437 1419 544 1503 igitur,
568 1424 706 1500 quantas
728 1417 891 1482 hominum
914 1436 998 1481 mors
1020 1415 1105 1482 falsa
1128 1416 1296 1500 querellas

285 1539 321 1595 10
388 1530 532 1608 Moverit,
557 1535 590 1594 et
612 1527 727 1592 frueris
749 1528 937 1610 posteritate
959 1535 1026 1592 tua.

344 1643 427 1707 Vive
450 1642 539 1706 velut
561 1646 652 1723 rapto
676 1638 877 1723 fugitivaque
900 1637 1021 1721 gaudia
1043 1657 1154 1722 carpe:

388 1751 571 1817 Perdiderit
593 1750 717 1814 nullum
740 1750 809 1814 vita
830 1767 962 1814 reversa
985 1747 1079 1814 diem.

747 1964 895 2028 XLVIII.

345 2077 426 2143 Cum
448 2094 578 2140 mensas
601 2075 722 2140 habeat
744 2074 812 2139 fere
835 2081 1004 2147 trecentas,

343 2189 406 2253 Pro
430 2188 550 2251 mensis
573 2186 672 2251 habet
693 2187 818 2250 Annius
841 2187 1017 2251 ministros:

345 2301 581 2363 Transcurrunt
603 2297 743 2380 gabatae
765 2296 941 2379 volantque
963 2296 1084 2362 lances.

344 2411 413 2475 Has
436 2409 529 2474 vobis
552 2408 667 2492 epulas
690 2407 818 2487 habete,
842 2407 935 2472 lauti:

303 2531 319 2584 5
343 2522 410 2586 Nos
434 2519 626 2586 offendimur
648 2519 835 2585 ambulante
858 2539 946 2584 cena.

263 2653 469 2665 ......—--—

361 2699 467 2754 XLVII
486 2703 508 2751 5.
528 2702 552 2752 6.
583 2698 670 2754 debat
694 2697 823 2754 TrIstitia
846 2697 959 2761 (TristIa
978 2698 1032 2752 PF
1067 2657 1174 2753 Tristi}l
1191 2702 1221 2764 Q>
1259 2707 1289 2755 et
1311 2701 1400 2757 lacri-

258 2787 387 2843 miseodd
431 2784 696 2840 flebantTristia
704 2783 764 2853 jam
776 2785 907 2839 lacrimae
925 2787 1032 2837 Gronov
1064 2782 1184 2846 Tristiaf.
1200 2782 1261 2852 jam
1272 2784 1398 2842 Lachesi

254 2873 370 2944 jamque
382 2873 446 2925 oder
458 2870 616 2937 Tristitiae;
637 2869 757 2924 Lachesi
772 2869 887 2939 jamque
907 2871 969 2922 Hae
1004 2869 1108 2924 TrIstia
1128 2885 1190 2924 cnm
1207 2868 1336 2927 lacrimis
1351 2875 1401 2926 Ser

258 2959 413 3014 Tristitiam
440 2956 576 3012 Lachesis
602 2955 738 3018 (Genetiva)
758 2956 880 3008 Koestlin
934 2954 1048 3011 flebat
1072 2954 1200 3011 Tristitia
1226 2973 1244 3010 a
1271 2956 1399 3012 lacrimis

260 3045 286 3103 ti.
301 3060 324 3099 e.
346 3059 446 3099 secura
464 3059 490 3096 a.
511 3041 540 3103 l.)
563 3042 666 3094 Maturo
701 3039 830 3096 Tristitia
848 3040 1020 3096 illacrimans
1043 3040 1148 3094 Giltert
1183 3042 1206 3094 8.
1225 3041 1308 3097 Fatis
1328 3043 1402 3097 Μ

261 3129 327 3183 futla
348 3129 418 3181 Seleu-
453 3130 476 3179 8.
496 3130 602 3196 raptas]
621 3132 725 3195 ruptas.
737 3130 844 3180 Gronov
865 3127 927 3188 (wie
944 3126 1000 3181 VII
1019 3131 1059 3191 96,
1078 3129 1094 3178 l
1112 3126 1153 3180 xl
1172 3128 1213 3190 36,
1234 3128 1267 3192 ³).

262 3252 468 3263 -—

362 3314 466 3368 XLVII
485 3317 518 3379 (5.
551 3312 631 3368 Ovid.
649 3313 684 3367 ld.
703 3312 770 3368 XIV
788 3318 839 3367 459
857 3315 923 3369 dum
941 3314 1040 3383 pejora
1058 3315 1191 3370 timentur
1208 3315 1262 3370 Est
1278 3316 1310 3370 ln
1329 3325 1398 3372 vota

260 3402 350 3457 locus.
363 3417 424 3457 sors
444 3406 537 3455 antem
549 3400 598 3456 ubi
616 3399 740 3468 pessima
757 3415 848 3454 rerum
861 3399 918 3455 Sub
936 3401 1057 3468 pedibus
1075 3401 1159 3456 timor
1176 3407 1221 3456 est
1238 3417 1397 3474 securaque

260 3503 367 3542 summa
385 3485 538 3550 malornm).
581 3489 606 3537 7.
632 3485 672 3539 Zu
689 3485 759 3549 112,
779 3488 804 3539 9.
825 3489 865 3538 10.
911 3488 960 3549 [ll.
985 3485 1066 3541 ovid.
1086 3485 1122 3540 A.
1144 3504 1169 3542 a.
1190 3486 1232 3540 III
1251 3490 1299 3540 ool
1323 3489 1397 3544 aliae

261 3579 311 3628 tua
328 3573 435 3641 gaudia
453 3578 591 3639 carpent).

329 3747 352 3796 5.
372 3747 396 3794 6.
434 3742 580 3810 Tanquam
599 3742 628 3796 in
647 3747 724 3797 certa
742 3748 830 3796 morte
847 3743 1068 3811 deposueramus
1088 3759 1167 3812 spem
1185 3750 1214 3798 et
1236 3759 1300 3797 cnm
1320 3746 1397 3800 votis

261 3834 364 3884 metum
384 3843 535 3899 curamque
554 3843 606 3896 pro
624 3834 661 3890 te,
680 3828 728 3898 qui
746 3828 800 3882 iam
819 3834 993 3896 premortuo
1012 3828 1178 3897 deploratus
1196 3845 1258 3884 eras
1277 3836 1307 3885 et
1328 3847 1419 3891 con-.

260 3916 408 3970 clamatus.
425 3913 566 3969 Schrcvel.
597 3911 705 3968 Ansser
722 3913 845 3968 lacrimis
864 3914 933 3968 oder
951 3920 979 3968 et
996 3913 1120 3969 lacrimis
1133 3918 1187 3970 v.6
1205 3915 1319 3970 scheint
1338 3917 1398 3972 hier

259 4001 354 4055 nichts
378 4000 537 4054 verdorben
562 4015 596 4053 an
621 3999 688 4053 sein.
723 3999 777 4055 Die
795 3999 1128 4069 Heratellnugsversuchc
1151 4001 1214 4056 sind
1235 4003 1397 4057 siimmtlich

259 4085 504 4154 nubeiriedigend.
543 4083 697 4139 Vielleicht
726 4086 804 4140 hatte
828 4085 862 4139 II.
888 4085 978 4140 neben
1010 4086 1057 4139 die
1080 4085 1209 4141 Tristitia
1234 4086 1309 4141 noch
1335 4089 1397 4142 ciue

260 4172 358 4227 aweite
383 4169 570 4240 allegorische
595 4169 702 4226 Person
730 4172 771 4226 uls
801 4170 950 4226 uanemde
976 4177 1088 4239 gesetzt
1112 4188 1133 4225 z.
1159 4171 1191 4225 B.
1213 4169 1346 4227 Tristitia
1371 4182 1399 4228 et

259 4255 365 4313 Pietas.

331 4346 353 4397 7.
383 4342 397 4396 Ι
418 4345 456 4406 12,
478 4343 508 4393 lo
531 4341 670 4406 (Fortuna)
690 4356 742 4408 par
759 4348 817 4394 tam
834 4355 954 4408 magnae
972 4356 1027 4395 non
1045 4348 1106 4396 erat
1124 4343 1257 4397 invidiae.

328 4429 352 4479 8.
383 4427 470 4481 Fatis.
506 4426 594 4481 Fatae
617 4425 663 4480 dic
685 4425 799 4479 Parcen.
836 4425 944 4480 Jordan
963 4425 1009 4482 bei
1027 4425 1134 4481 Preller
1156 4427 1210 4482 Ru
1228 4428 1256 4482 ll
1278 4430 1338 4489 194,
1359 4435 1385 4484 l.

331 4514 371 4565 11.
400 4514 471 4564 velut
488 4517 574 4582 rapto.
610 4509 673 4566 Wie
697 4527 761 4565 vom
779 4511 898 4575 Ranbe,
921 4514 976 4568 den
999 4528 1064 4566 man
1087 4528 1141 4568 aus
1160 4514 1282 4578 Furcht‚
1307 4516 1402 4571 seiner

260 4597 363 4651 wieder
381 4597 519 4668 veriustig
537 4614 572 4651 au
589 4598 690 4667 gehen,
710 4596 818 4653 schnell
836 4598 970 4665 geniesst.

322 4682 498 4753 supitiooque
515 4682 621 4753 quadiu.
653 4681 717 4752 Vgl.
736 4682 750 4735 Ι
770 4684 809 4745 15,
829 4685 852 4736 8.

328 4765 447 4821 XLVIII
465 4770 488 4821 3.
518 4768 635 4837 qabatae.
666 4766 729 4838 Vgl.
749 4766 790 4820 XI
808 4770 849 4832 31,
870 4771 910 4822 18.
