2978 5414
353 383 585 452 Epigrammaton
602 381 686 438 Liber
703 381 731 436 ll
749 382 787 446 (in
806 383 861 437 den
878 382 906 438 J.
927 384 1025 451 salec).
1189 387 1251 450 239

246 555 315 619 Nec
338 561 461 620 tantum
484 555 580 637 nugis
602 555 721 620 serviet
742 554 800 619 ille
822 556 914 634 meis;

204 667 317 731 Tertia
339 685 390 731 res
412 665 493 730 haec
516 672 574 743 est,
598 664 684 748 quod
707 665 734 731 si
758 666 810 730 cui
832 666 913 732 forte
934 667 1066 750 legeris,

248 777 301 842 Sis
322 778 399 842 licet
420 796 523 860 usque
546 777 660 856 malus,
683 795 747 842 non
770 777 900 843 odiosus
923 780 995 843 eris.

205 890 253 954 Te
276 890 413 954 conviva
434 889 523 973 leget
544 890 644 955 mixto
668 889 856 972 quincunce,
880 889 938 955 scd
961 899 1036 956 ante

146 1008 181 1064 10
248 1000 388 1085 Incipiat
408 1003 533 1085 positus
555 1021 652 1084 quam
676 1001 820 1086 tepuisse
843 1001 937 1067 calix.

205 1113 286 1178 Esse
308 1112 367 1177 tibi
390 1119 481 1178 tanta
503 1120 617 1178 cautus
640 1113 798 1178 brevitate
820 1113 962 1179 videris?

249 1224 312 1289 Hei
333 1224 420 1304 mihi,
445 1244 542 1307 quam
565 1224 675 1289 multis
697 1226 744 1290 sic
766 1244 894 1308 quoque
917 1226 1033 1309 longus
1056 1227 1132 1292 eris!

661 1413 704 1478 ΙΙ.

208 1527 305 1591 Creta
327 1524 418 1591 dedit
438 1539 603 1608 magnum,
628 1526 732 1590 maius
755 1523 845 1590 dedit
867 1525 978 1592 Africa
1000 1546 1125 1606 nomen,

250 1636 359 1720 Scipio
381 1636 468 1719 quod
490 1637 592 1701 victor
613 1635 763 1719 quodque
785 1637 935 1703 Metellus
958 1637 1071 1710 habet:

206 1748 355 1814 Nobilius
378 1747 497 1813 domito
520 1747 631 1812 tribuit
654 1747 828 1813 Germania
849 1748 970 1824 Rheno,

249 1860 291 1924 Et
312 1878 393 1944 puer
414 1858 474 1923 boc
497 1858 615 1941 dignus
637 1860 773 1940 nomine,
797 1859 927 1937 Caesar,
952 1880 1032 1927 eras.

167 1980 183 2034 5
207 1973 322 2036 Frater
344 1969 516 2036 Idumaeos
538 1972 654 2036 meruit
677 1990 749 2036 cum
771 1979 864 2056 patre
887 1971 1074 2057 triumphos,

251 2081 343 2161 Quae
366 2081 461 2148 datur
483 2102 523 2147 ex
548 2082 673 2148 Chattis
695 2082 820 2165 laurea,
845 2089 913 2149 tota
936 2090 991 2148 tua
1014 2091 1074 2149 est.

658 2254 716 2318 ΙΠ.

209 2366 317 2444 Sexte,
342 2363 422 2428 nihil
445 2363 553 2442 debes,
578 2365 623 2429 nil
647 2364 756 2445 debes,
780 2365 888 2445 Sexte,
913 2366 1058 2431 fatemur.

252 2476 360 2542 Debet
381 2478 475 2555 enim,
499 2478 527 2542 si
549 2479 622 2560 quis
644 2477 780 2553 solvere,
804 2476 912 2558 Sexte,
936 2485 1050 2561 potest.

665 2648 719 2713 IV.

211 2759 237 2825 Ο
260 2781 357 2842 quam
380 2758 519 2824 blandus
542 2778 586 2837 es,
611 2760 788 2839 Ammiano,
814 2760 922 2825 matri!

211 2870 314 2949 Quam
336 2870 459 2936 blanda
482 2878 532 2936 est
554 2871 612 2936 tibi
634 2879 745 2950 mater,
769 2870 954 2936 Ammiane!

228 3068 256 3122 11
280 3071 295 3121 6
318 3065 437 3133 Chattis]
461 3065 554 3122 Castis
578 3069 603 3121 Τ
637 3065 754 3123 Chathis
778 3070 805 3120 A
842 3065 959 3124 Chatbis
978 3069 1013 3123 X
1031 3066 1148 3136 [Chatis
1168 3069 1262 3138 prBC

127 3152 225 3210 Cathis
238 3154 344 3222 ppoc'
379 3151 486 3207 Dachis
506 3152 534 3205 F
560 3153 682 3215 Dacius
718 3150 830 3208 Chattis
850 3152 919 3205 Saba
949 3153 1023 3213 (recob
1052 3154 1157 3208 Grimm
1175 3155 1258 3209 DGr.

128 3240 209 3293 Irus
228 3240 344 3309 Myrtoo
355 3257 385 3308 p.
400 3239 505 3292 XXII
518 3240 569 3308 cql.
588 3239 656 3292 auch
672 3238 778 3292 Grimm
795 3238 888 3292 Gcacb.
902 3239 926 3293 d.
940 3239 1058 3293 Diacbea
1078 3241 1140 3310 Spr.
1149 3258 1181 3309 p.
1197 3248 1256 3304 100,

196 3430 220 3481 6.
241 3427 327 3497 πικρία.
364 3426 513 3492 zu1113,
535 3430 560 3481 b.

196 3512 233 3566 ll.
254 3515 278 3563 3.
296 3513 410 3567 nobilius
427 3542 461 3552 -
479 3513 577 3566 donato
596 3513 698 3567 Rima.
728 3510 796 3566 XIV
815 3515 872 3578 170,
893 3515 904 3564 1
925 3512 975 3577 illi,
994 3513 1040 3567 cui
1058 3514 1172 3569 nomina
1184 3514 1262 3570 Rhe-

127 3612 180 3653 nus
204 3596 279 3653 Vera
301 3599 387 3654 dedit.
423 3599 480 3653 Der
503 3598 637 3654 Beinsme
660 3597 851 3661 Germanicus,
882 3598 937 3653 den
959 3599 1104 3654 Domitian
1120 3600 1158 3655 im
1180 3600 1207 3656 J.
1229 3602 1263 3653 84

127 3683 201 3739 nach
220 3683 283 3738 dem
296 3683 432 3753 Triumph
448 3683 516 3740 tiber
535 3685 581 3739 die
594 3683 717 3739 Chatten
734 3700 786 3739 vor
804 3683 867 3739 dem
887 3685 927 3737 13.
946 3682 1111 3753 September
1129 3685 1260 3752 annabm,

128 3768 183 3839 vgl.
202 3768 275 3824 Einl.
297 3768 323 3823 S.
343 3768 405 3823 511.

196 3857 220 3907 4.
235 3873 314 3924 puer.
351 3853 424 3910 Weil
443 3870 472 3910 er
490 3856 527 3909 im
545 3854 571 3910 J.
592 3857 624 3907 70
643 3854 712 3915 (also
731 3855 768 3909 im
780 3853 862 3910 Alter
879 3871 937 3910 von
951 3858 981 3908 19
994 3856 1110 3920 Jahram
1131 3873 1167 3911 an
1186 3857 1263 3912 einer

128 3955 221 4011 gagen
239 3939 350 3996 Galliam
368 3941 427 3996 und
445 3939 612 3995 Germanico
637 3939 860 3995 veranstalteten
876 3940 1049 4009 Expedition
1075 3940 1184 4006 (lmhoi
1203 3940 1263 3996 Do-

132 4026 231 4081 mitian
244 4025 271 4081 S.
286 4026 355 4080 1911.
374 4025 483 4081 Eclrhel
496 4025 547 4081 DN
561 4025 603 4080 VI
621 4042 649 4095 p.
665 4028 715 4079 368
733 4026 791 4096 vgl.
813 4028 871 4090 398)
890 4025 971 4081 Theil
989 4041 1157 4096 genommen
1174 4026 1264 4082 hatte.

197 4111 250 4165 III.
286 4111 351 4182 Vgl.
370 4111 411 4166 IX
430 4114 487 4177 101,
506 4115 529 4166 4.
893 4133 898 4144 ·

198 4195 247 4251 1v.
267 4196 346 4252 Ohne
364 4197 576 4254 naehweisbare
588 4198 785 4254 Reminiscenu
804 4215 839 4254 an
858 4198 904 4254 die
922 4197 986 4253 dem
1000 4197 1095 4253 Inhalt
1112 4199 1186 4253 nach
1198 4214 1263 4254 ver-

128 4283 261 4338 wandten
279 4281 418 4339 Gedichte
437 4282 546 4339 Catulla
564 4287 680 4350 88-90;
708 4284 782 4339 doch
807 4284 858 4339 mit
876 4282 1097 4354 Wiederholung
1115 4284 1263 4341 deraelben

129 4366 226 4424 Worta
245 4369 303 4423 und
322 4368 447 4424 Phrasen
465 4368 495 4423 in
513 4369 623 4426 Catulla
642 4368 745 4425 Weiss.
783 4368 943 4425 Paukatadt
960 4385 987 4438 p.
1007 4370 1047 4420 25.
