2978 5414
280 875 326 956 ll.
354 872 505 955 Valerii
532 854 727 953 llartialis
754 870 1110 973 Epigrammmaton

617 1045 713 1107 nabor
734 1047 777 1107 11.

285 1200 473 1284 Valerius
502 1198 704 1263 Martialis
727 1198 905 1263 Deciano
928 1197 1004 1263 Suo
1028 1197 1103 1262 Sal.

302 1326 407 1405 »Quid
438 1327 549 1393 nobis«
577 1328 684 1409 inquis
713 1347 805 1393 »cum
834 1326 992 1411 epistola?
1021 1346 1178 1411 parumne
1207 1328 1265 1392 tibi

216 1448 432 1526 praestamus,
467 1440 495 1504 si
525 1439 663 1522 legimus
694 1440 951 1523 epigrammata?
984 1436 1062 1520 quid
1089 1437 1142 1503 hic
1171 1459 1266 1522 porro

217 1553 360 1618 dicturus
393 1570 443 1630 es,
473 1548 559 1634 quod
587 1569 651 1615 non
680 1550 785 1633 possis
812 1549 960 1615 versibus
989 1547 1119 1615 diceret
1161 1551 1267 1617 Video

216 1683 316 1748 quare
349 1660 520 1746 tragoedia
556 1669 654 1744 atque
686 1662 852 1728 comoedia
886 1660 1058 1745 epistolam
1091 1663 1263 1746 accipiant,

174 1786 191 1837 5
216 1776 333 1859 quibus
357 1794 414 1859 pro
437 1793 473 1839 se
495 1775 583 1857 loqui
606 1775 775 1839 nonlicet:
800 1775 1035 1859 epigrammata
1050 1775 1180 1840 curione
1202 1794 1266 1839 non

217 1894 313 1972 egent
336 1894 369 1952 et
390 1892 541 1951 contenta
563 1893 638 1951 sunt
652 1905 712 1951 sua
727 1886 848 1970 lingua.
880 1885 918 1949 In
937 1904 1130 1968 quacunque
1144 1887 1267 1970 pagina

215 2001 321 2065 visum
345 2004 402 2076 est,
426 1997 597 2081 epistolam
620 1997 751 2062 faciunt.
785 1997 861 2062 Noli
885 2016 969 2081 ergo,
995 1998 1022 2063 si
1046 1997 1104 2062 tibi
1127 1996 1266 2079 videtur,
1369 2038 1380 2065 ι

216 2131 282 2177 rem
305 2110 413 2175 facere
435 2107 606 2174 ridiculam
629 2110 717 2174 etin
739 2116 816 2193 toga
838 2108 988 2174 saltantis
1016 2108 1169 2175 Inducere
1192 2128 1267 2193 per-

216 2242 338 2287 sonam.
372 2221 520 2302 Denique
544 2218 675 2298 videris,
700 2240 742 2284 an
758 2227 790 2285 te
812 2219 953 2286 delectet
967 2227 1078 2286 contra
1100 2221 1266 2285 retiarium

234 2392 360 2463 Epistola
371 2393 446 2463 fehlt
465 2392 492 2444 in
516 2391 837 2446 TREXABOEFGV.

234 2478 298 2531 Μ
324 2493 410 2548 quare
438 2476 586 2546 tragoedia
614 2483 699 2546 atque
727 2477 874 2533 comoedia
897 2477 1001 2531 Gildert
1040 2493 1097 2546 qua
1118 2476 1268 2545 tragoedia

131 2573 180 2619 aut
199 2579 256 2632 qua
275 2563 423 2618 comoedia
440 2563 492 2631 IJP
528 2577 614 2631 quare
633 2562 781 2632 tragoedia
799 2569 848 2618 aut
870 2563 1018 2618 comoedia
1037 2567 1060 2625 Q
1098 2577 1183 2631 quare
1208 2569 1266 2619 tra-

129 2649 216 2719 goedi
242 2656 337 2719 atque
356 2649 485 2704 comoedi
501 2650 583 2719 fehlt)
610 2671 630 2702 ω
651 2649 701 2702 Sor
747 2664 833 2717 quare
860 2649 990 2718 tragoedi
1022 2655 1107 2717 atque
1136 2649 1266 2704 comoedi

133 2737 201 2788 Sota
233 2750 319 2804 quare
337 2734 502 2804 tragoediae
520 2740 571 2789 aut
588 2749 674 2802 quare
694 2735 859 2791 comoediae
878 2737 976 2804 Haupt
998 2736 1066 2804 Opp.
1086 2735 1145 2788 ΙΙΙ
1160 2743 1209 2789 ι99
1227 2753 1266 2804 aq.

131 2836 217 2890 quare
230 2819 395 2890 tragoediae
414 2826 443 2876 et
461 2820 625 2875 comoediae
638 2821 752 2891 Madvig
769 2821 881 2875 Ado-era.
895 2821 955 2874 ortt.
970 2822 1011 2875 ΙΙ
1027 2827 1075 2876 163
1087 2839 1132 2890 eq.
1156 2820 1187 2874 L.
1203 2822 1219 2872 8
1237 2827 1267 2876 et

131 2909 159 2961 in
179 2915 248 2975 toga
266 2905 396 2961 saltantis
415 2906 549 2961 inducere
567 2921 717 2974 pomonam
736 2908 874 2961 Pantanus
912 2913 941 2963 et
958 2908 994 2962 de
1012 2906 1043 2961 in
1060 2912 1130 2976 toga
1149 2906 1266 2962 saltanti

130 2992 265 3047 inducere
283 3007 434 3060 personam
452 2992 528 3059 aaa
552 2998 581 3047 et
597 2992 628 3047 in
640 2999 710 3063 toga
727 2991 877 3049 saltantem
895 2993 1029 3048 inducere
1048 3007 1197 3061 personam
1217 2995 1267 3046 Ser

130 3085 159 3133 et
183 3078 212 3132 in
232 3085 301 3147 toga
324 3077 441 3133 saltanti
466 3077 600 3132 inducere
623 3092 773 3145 personam
793 3081 870 3133 Sela.

199 3232 333 3302 epacta.
353 3232 482 3286 necato.
515 3211 558 3286 'au
577 3232 590 3285 1
609 3234 634 3286 a.

197 3323 221 3372 4.
241 3317 386 3387 epistolam.
406 3317 642 3386 ZuIEpistl.18.
662 3318 807 3389 Vglauch
821 3319 949 3385 1115,11.
968 3319 1114 3374 Vorreden
1128 3318 1164 3372 in
1174 3318 1266 3373 Brict'-

131 3402 209 3465 form)
229 3419 281 3458 vor
299 3401 461 3472 magones
486 3403 613 3459 erw'ihnt
635 3403 790 3469 Quintilian
808 3404 879 3459 VIII
898 3410 922 3470 3,
941 3407 970 3456 31
1003 3421 1067 3460 nam
1092 3403 1204 3458 memIni
1218 3403 1267 3474 Ju-

130 3488 210 3544 venis
237 3488 388 3543 admodum
414 3489 487 3544 inter
504 3488 691 3557 Pomponium
716 3506 750 3545 ac
774 3490 908 3546 Senecam
933 3492 1018 3546 etiam
1042 3488 1266 3559 praefationibus

131 3589 194 3630 esse
219 3581 379 3637 tractatum,
403 3591 439 3629 an
463 3574 581 3643 »gradm
607 3575 748 3631 eliminat«
773 3577 802 3630 in
826 3576 974 3645 tragoedia
998 3576 1055 3631 dici
1080 3576 1262 3644 oportuisset.

133 3660 231 3729 liaupt
249 3659 321 3729 opp.
340 3660 452 3714 111499
472 3676 513 3731 sq.

199 3749 223 3796 5.
242 3745 357 3798 curione.
389 3746 468 3800 curio
492 3746 538 3802 fllr
561 3763 665 3816 praeco
691 3748 763 3803 auch
786 3747 819 3802 ll.
838 3746 873 3802 A.
892 3747 1013 3803 Gallieni
1033 3747 1061 3801 ll
1080 3765 1103 3803 c.
1126 3750 1164 3800 12.
1202 3747 1266 3816 Vgl.

132 3830 249 3886 Cassius
267 3830 322 3885 DIo
341 3829 434 3885 LXIX
451 3836 475 3884 6.
514 3832 606 3888 Ueber
630 3833 676 3888 die
699 3834 894 3902 pronuntiatio
919 3832 995 3889 tituli
1019 3849 1075 3888 von
1099 3833 1149 3889 der
1167 3832 1268 3888 Btihne

133 3932 185 3970 vor
203 3917 266 3972 dem
278 3915 396 3987 Antang
414 3916 464 3972 der
483 3916 589 3973 Sttielre
606 3918 790 3975 Friedlitnder
807 3919 854 3975 bei
866 3918 1028 3991 llarquardt
1041 3917 1100 3973 StV
1113 3919 1156 3973 lll
1170 3921 1229 3983 543,
1239 3920 1264 3971 2.

199 4006 223 4053 S.
243 4002 271 4054 in
290 4007 350 4072 toga
362 4003 486 4056 saltantis
504 4004 628 4059 inducere
642 4023 792 4075 personam.
828 4005 981 4062 Inducere:
1001 4003 1142 4060 auftreten
1160 4005 1264 4059 lassen.

130 4087 242 4143 Ebenso
261 4087 416 4143 lacherlich
436 4089 479 4144 als
498 4088 550 4144 auf
565 4090 614 4146 der
639 4091 738 4146 Bilhne
762 4091 808 4147 ein
826 4091 906 4147 Tana
929 4091 958 4146 ln
983 4092 1032 4146 der
1057 4095 1137 4159 toga,
1160 4090 1199 4145 ist
1221 4090 1266 4145 ein

130 4172 211 4227 Buch
229 4173 288 4227 voll
307 4172 522 4243 ausgelassener
539 4176 718 4246 Epigramma
735 4177 786 4233 mit
803 4178 880 4234 einer
899 4183 1011 4233 ernsten
1024 4175 1158 4231 Vorrede.
1187 4175 1267 4231 Vlel-

130 4258 219 4314 leicht
236 4276 293 4314 war
311 4260 361 4314 der
373 4258 527 4317 Ausdruclr
545 4263 592 4317 cin
609 4263 874 4331 sprichwltrtlicher.

200 4349 223 4398 a.
243 4350 335 4399 contra
348 4345 486 4400 reciarium
494 4350 598 4419 serula.
622 4348 692 4403 Eine
705 4349 958 4420 entsehuldlgende
969 4348 1103 4412 Vorrede,
1116 4347 1162 4402 die
1175 4362 1267 4418 gegen
