2978 5414
257 739 320 804 362
665 735 700 789 nt.
718 733 824 791 Valerii
842 733 978 790 Martialis

385 909 517 988 Tereos,
542 914 743 985 antoanam,
766 904 866 972 orude
888 905 1043 989 Thyesta,
1066 911 1166 983 tuam,

300 1029 317 1083 5
341 1021 407 1085 Aut
428 1038 527 1103 puero
550 1016 692 1101 liquidas
715 1025 879 1102 aptantem
903 1015 1073 1083 Daedalon
1095 1015 1175 1087 alas,

384 1131 574 1196 Pascentem
597 1129 724 1195 Siculas
747 1136 804 1194 aut
824 1128 1046 1213 Polyphemon
1069 1146 1157 1193 oves.

341 1242 369 1306 Α
391 1242 509 1307 nostris
531 1237 642 1326 procul
666 1247 715 1305 est
737 1241 839 1305 omnis
862 1241 972 1305 vesioa
993 1238 1124 1317 libellis,

384 1353 477 1418 Musa
498 1371 559 1418 neo
580 1353 694 1417 insano
717 1359 860 1436 syrmate
881 1357 991 1416 nostra
1013 1338 1123 1415 tumet.

341 1463 420 1530 »Illa
440 1470 548 1528 tannen
570 1461 707 1528 laudant
729 1481 848 1542 omnes,
872 1462 1038 1543 mirantur,
1063 1460 1226 1526 adorant«

281 1583 317 1638 10
383 1573 556 1641 Confiteor:
581 1573 717 1640 laudant
739 1574 806 1652 illa,
830 1572 889 1639 sed
911 1574 975 1639 ista
997 1572 1119 1656 legunt.

774 1711 812 1776 L.

341 1821 426 1901 Quid
449 1841 508 1902 me,
533 1822 626 1903 Thai,
651 1841 760 1887 senem
783 1820 920 1886 subinde
943 1819 1044 1886 dloisi

341 1935 442 2000 Nemo
465 1941 523 2015 est,
547 1932 643 2015 Thai,
669 1952 768 1999 senex
791 1930 834 1997 ad
856 1930 1084 1997 irrumandum.

796 2069 847 2133 LI.

340 2184 419 2248 Cum
443 2181 501 2247 tibi
524 2201 586 2246 non
610 2187 719 2248 essent
742 2201 799 2246 sex
822 2181 922 2261 milia,
948 2181 1141 2257 Caeciliana,

382 2293 509 2377 Ingenti
532 2293 599 2358 late
621 2301 732 2358 vectus
756 2312 790 2358 es
813 2292 1015 2376 hexaphoro;

339 2406 514 2487 Postquam
537 2405 587 2469 bIs
609 2402 717 2470 decies
739 2403 850 2469 tribuit
872 2403 935 2469 dea
958 2421 1055 2468 oaeoa
1077 2403 1246 2486 sinumque

382 2517 548 2599 Ruperunt
570 2516 701 2596 nummi,
724 2514 829 2580 faetus
853 2534 897 2593 es,
922 2533 1004 2592 eoae,
1029 2512 1140 2599 pedes.

298 2636 315 2691 5
339 2626 425 2706 Quid
448 2627 507 2691 tibi
530 2646 586 2710 pro
609 2627 732 2692 meritis
755 2634 787 2690 et
809 2627 907 2692 tantIs
929 2624 1081 2691 laudibus
1105 2629 1231 2710 optumi

382 2739 424 2802 Di
446 2736 585 2804 reddant
606 2737 733 2818 sellam,
759 2737 954 2812 Caoeiliane,
978 2736 1047 2801 tibi.

782 2875 850 2938 LII.

339 2987 469 3052 Gestari
492 2987 608 3051 iunctis
631 2986 694 3049 nisi
716 2984 849 3063 desinis,
875 2982 1011 3068 Hedyle,
1037 2984 1152 3067 capris,

381 3095 444 3175 Qui
466 3096 561 3163 modo
582 3096 662 3163 fieus
685 3116 767 3175 eras,
791 3097 855 3160 iarn
878 3094 1048 3179 caprificus
1072 3094 1144 3160 eris.

775 3233 859 3298 LIII.
968 3294 971 3302 ,

339 3345 440 3422 Hunc,
464 3364 560 3427 quern
583 3363 681 3427 saepe
705 3342 796 3410 vides
819 3346 904 3410 Intra
926 3344 1107 3428 penetralia
1129 3350 1257 3409 nostrae

380 3454 535 3521 Pallados
559 3462 591 3521 et
612 3455 725 3539 templi
747 3454 868 3534 limina,
893 3454 1016 3535 Oosme,
1040 3456 1114 3520 novi

320 3597 344 3645 t.
380 3593 500 3662 Thyesta.
530 3591 609 3646 Neue
627 3591 765 3646 Formenl.
783 3592 797 3646 I
816 3595 858 3644 tt.

320 3681 344 3732 5.
376 3678 523 3732 Daedalon.
565 3680 588 3731 t.
621 3679 808 3747 Polyphemon.
837 3677 918 3732 Dars.
940 3678 999 3732 das.
1018 3677 1031 3730 1
1051 3680 1109 3730 129.

321 3767 344 3818 7.
374 3763 467 3816 vaira.
505 3761 685 3818 Gesohwulst
708 3763 779 3817 Plin
804 3763 836 3818 li.
862 3764 889 3816 h.
915 3761 970 3816 XX
995 3764 1025 3814 51
1053 3763 1212 3832 attritisqua
1238 3779 1390 3832 corporum

252 3849 390 3918 partibus,
409 3848 455 3903 vel
474 3847 498 3902 si
517 3848 545 3900 in
563 3849 673 3928 vesicas
691 3849 881 3903 intumuerint.
913 3846 1054 3904 Sehwulst
1072 3849 1127 3903 wol
1146 3864 1197 3903 nur
1215 3849 1283 3904 hiar.

320 3937 344 3986 ὃ.
365 3939 488 4004 manate.
507 3932 570 4003 Vgl.
583 3934 640 3989 xli
650 3938 691 3999 94,
698 3938 722 3989 4.
748 3934 807 3988 Das
826 3933 1030 4003 Schleppkleitl
1048 3934 1098 3989 der
1116 3935 1279 4004 tragiaehen
1296 3935 1388 3992 Muse.

320 4020 364 4074 LI.
395 4019 435 4074 Zu
452 4020 466 4073 I
484 4022 527 4073 99,

319 4105 371 4160 LII
390 4107 414 4158 2.
428 4109 504 4176 fitur
519 4105 645 4161 offenbar
657 4103 702 4160 fur
714 4104 819 4161 ficosus
835 4110 916 4174 lgann
928 4104 1035 4173 Fulge).
1051 4104 1223 4162 Aehnlioher
1238 4107 1390 4164 Wortuitz

245 4192 292 4246 -ΙΙΙ
311 4195 353 4256 ot,
376 4193 416 4246 10.

319 4276 394 4331 LIII.
425 4277 627 4346 Lucilianae
645 4276 762 4331 Anthol.
775 4276 821 4332 Gr.
840 4276 884 4330 etl.
897 4275 1004 4330 Jacobs
1022 4275 1065 4329 III
1084 4291 1111 4344 p.
1124 4279 1156 4327 35
1178 4275 1219 4340 ιζΤ.
1233 4277 1260 4329 II
1279 4282 1389 4344 psit&

456 4360 531 4416 Εἶναι
549 4363 596 4432 μὲν
615 4358 725 4416 Κυνικόν
744 4379 779 4426 σε,
800 4358 968 4432 Μενέστρατε,
987 4360 1172 4431 minutiatos,

492 4444 544 4501 Καὶ
562 4446 656 4519 ῥιγοῦν,
677 4447 757 4506 οὐδεὶς
775 4447 899 4519 ἀντιλέγει
916 4446 1040 4501 καθόλου.

453 4525 501 4586 Ἂν
520 4532 549 4585 δὲ
567 4533 732 4606 παραρπάξῃς
751 4533 842 4603 ἄρτους
860 4534 903 4586 ναὶ
916 4528 1038 4601 κλάσματ’
1058 4531 1177 4597 ἀναιδῶς,

491 4615 571 4690 Κᾴγὼ
589 4615 683 4687 ῥάβδον
702 4618 764 4690 ἔχω,
783 4619 826 4672 καί
845 4636 871 4670 σε
890 4619 991 4690 λέγουσι
1007 4617 1080 4671 κύνα.

322 4705 343 4755 l.
365 4705 389 4756 2.
416 4702 569 4772 penetralia
592 4708 697 4756 reostroe
722 4704 854 4757 Pallados.
894 4703 1014 4759 Nostrae
1038 4702 1080 4758 als
1104 4704 1311 4761 BeschlltzerIn
1337 4709 1391 4766 des
