2978 5414
391 369 622 439 Epigrammatou
639 367 723 424 Liber
741 368 769 422 II
788 367 824 433 (ln
842 368 898 424 deu
915 367 941 425 J.
961 368 1061 436 soleo).
1233 372 1273 435 27
1278 373 1297 436 3

662 540 797 605 LXXII.

249 656 410 721 Hesterna
432 653 552 720 factum
574 659 733 731 narratur,
755 652 916 729 Postume,
940 670 1020 718 cena

292 764 385 843 Quod
407 765 526 830 nollem
549 802 592 812 -
614 765 687 847 quis
711 764 796 829 enim
819 763 900 829 talia
922 761 1010 829 facta
1030 763 1165 848 probati
1187 804 1228 813 —

249 877 293 944 Os
316 878 375 943 tibi
398 878 558 961 percisum
581 882 701 958 quanto
723 895 786 941 non
808 876 880 958 ipse
902 874 1038 940 Latinus

292 990 379 1054 Vilia
399 987 569 1053 Panniculi
591 987 731 1072 percutit
752 1006 809 1052 ora
830 1004 924 1052 sono:

209 1113 225 1167 5
249 1099 407 1183 Quodque
429 1101 535 1184 magis
557 1099 672 1164 mirum
696 1104 755 1178 est,
779 1105 941 1164 auctorem
964 1098 1107 1165 oriminis
1130 1099 1226 1167 huius

291 1212 468 1278 Caecilium
491 1217 559 1277 tota
580 1230 688 1275 rumor
709 1211 744 1275 in
765 1209 846 1275 urbe
868 1216 968 1276 sonat.

249 1325 330 1389 Esse
352 1342 453 1407 negas
476 1321 613 1388 factum:
638 1323 688 1387 vis
709 1321 770 1387 hoc
792 1340 844 1386 me
865 1320 1016 1387 crederet
1038 1323 1141 1389 credo.

293 1434 388 1513 Quid,
412 1433 499 1517 quod
521 1433 621 1499 habet
644 1440 753 1513 testes,
776 1433 937 1511 Postume,
961 1433 1144 1500 Caecilius?

653 1613 805 1678 LXXIII.

249 1734 269 1805 †
292 1725 378 1805 Quid
400 1726 500 1793 faciat
521 1726 592 1792 vult
613 1726 697 1791 scire
718 1725 827 1809 Lyris:
852 1723 938 1808 quod
960 1726 1084 1792 sobria:
1108 1726 1211 1794 fellat.

655 1895 801 1961 LXXIV.

250 2013 397 2077 Cinctum
420 2010 539 2094 togatis
561 2016 635 2093 post
658 2015 690 2073 et
712 2014 788 2073 ante
805 2006 985 2088 Saufeium,

249 2122 378 2201 Quanta
400 2121 510 2187 reduci
533 2119 677 2203 Regulus
701 2118 784 2184 solet
806 2118 910 2197 turba,

248 2233 300 2300 Ad
323 2234 390 2299 alta
413 2241 540 2298 tonsum
563 2231 778 2315 templanum
801 2249 891 2295 reum
913 2231 1010 2311 misit,

248 2347 403 2425 Materne,
427 2346 554 2411 00111101
576 2341 722 2408 invidere
744 2342 857 2408 nolito.

191 2497 370 2505 .-.-.—--

256 2559 385 2614 nxxsu
405 2558 481 2629 quoa
504 2556 748 2619 0001101101
774 2531 848 2627 quio
867 2560 891 2619 o
909 2556 978 2628 qma
991 2556 1066 2610 rau
1092 2558 1179 2628 quida
1203 2560 1298 2616 soona

163 2647 243 2703 fellat
254 2648 303 2699 Ser
320 2644 393 2711 Quid
406 2643 503 2709 faeiat,
516 2644 560 2699 vis
573 2643 654 2708 scire,
667 2642 757 2713 Lyris,
776 2658 861 2713 quom
873 2648 918 2698 est
935 2642 1049 2698 sobria?
1066 2641 1149 2700 fellat
1160 2644 1297 2699 Baehrens

162 2735 235 2800 Quid
257 2731 359 2797 faeiat,
383 2731 445 2786 vult
469 2731 541 2785 scire
563 2729 665 2800 Lyris?
687 2729 755 2800 quin
779 2728 874 2784 sobria
898 2726 980 2784 fellat
1008 2730 1180 2799 Graaberycr.
1214 2729 1296 2796 [Quid

163 2821 262 2886 saciat,
287 2834 317 2880 00
342 2818 428 2881 00110,
453 2817 535 2886 Lyris
559 2823 647 2884 negat
670 2816 748 2870 ebria
770 2818 897 2884 semper]
942 2814 1015 2881 Quid
1038 2812 1127 2871 iaciat
1144 2815 1206 2872 vult
1224 2817 1297 2873 scire

163 2907 262 2977 Lyris?
283 2905 358 2976 quod
378 2902 485 2959 sobria:
512 2901 593 2957 fellat
611 2903 714 2954 Moero
749 2902 785 2954 ln
806 2904 830 2955 0
841 2902 933 2972 solyt:
959 2898 1090 2957 Gaudeo:
1117 2903 1185 2972 quid
1210 2903 1298 2960 saciet

173 2992 263 3048 iacies
282 2989 455 3051 Bodleiunaa}
475 2988 552 3043 ebria
571 2987 649 3043 faeta
666 2986 756 3057 Lyris.

229 3161 345 3217 LXXII.
376 3164 399 3213 3.
418 3163 442 3216 4.
476 3159 534 3215 Der
551 3159 758 3228 lIImenspleler
781 3159 900 3216 Latium
919 3165 965 3225 tau
982 3161 1034 3224 11,
1055 3164 1078 3226 5)
1103 3160 1243 3229 ohrfeigte
1268 3162 1298 3216 in

161 3252 238 3306 einer
254 3249 343 3305 Posse
361 3247 458 3302 seluen
477 3244 614 3315 Collegen
625 3245 807 3311 Panniculus,
825 3246 947 3301 welcher
965 3246 1011 3300 die
1027 3246 1111 3302 Rolle
1129 3247 1180 3302 des
1199 3247 1297 3316 Stupi-

162 3338 215 3392 dus
239 3333 350 3403 spielte.
392 3332 456 3401 Vgl.
483 3332 526 3386 III
551 3334 626 3395 86,2
656 3330 683 3386 V
706 3335 747 3397 dl,
768 3334 797 3385 11
824 3348 851 3387 n.
876 3334 915 3383 12.
950 3329 1121 3388 Sohallende
1145 3332 1297 3403 Ohrfelgen

163 3423 302 3492 gehorten
321 3436 356 3474 nu
374 3419 430 3473 (len
447 3418 665 3486 Hauptspiiasen
684 3418 733 3472 der
750 3417 827 3472 lllmi
845 3415 890 3472 SG
908 3417 936 3471 II
955 3419 1014 3470 391.

229 3506 358 3562 LXXIII.
395 3503 590 3559 Vermuthlich
614 3503 653 3559 ist
677 3503 770 3559 dieser
787 3502 1036 3559 nnverat'andliclre
1053 3502 1125 3562 Vera
1144 3505 1297 3576 011111ος-

162 3601 239 3650 ment
263 3592 329 3661 (vgl.
350 3591 396 3647 die
414 3590 586 3659 Ergdnznug
609 3605 665 3643 von
683 3590 782 3644 llunro
801 3589 830 3644 in
854 3589 910 3644 den
927 3588 1084 3646 kritisohen
1101 3591 1174 3646 Anm
1187 3598 1206 3656 5.
1244 3591 1297 3647 Die

161 3681 263 3737 beiden
290 3678 397 3733 andern
419 3675 479 3730 rein
498 3674 740 3730 hexametrischen
759 3674 912 3739 Gedlchte‚
935 3674 981 3731 die
999 3676 1044 3732 bel
1062 3678 1097 3732 ll.
1116 3679 1298 3733 vorkommon

161 3766 174 3820 I
193 3769 225 3818 53
250 3765 290 3821 VI
309 3765 350 3826 64,
368 3760 506 3818 bestehen
524 3777 575 3816 aus
594 3761 739 3816 mehrereu
756 3760 872 3817 Versen.

228 3848 357 3905 LXXIV.
392 3851 412 3902 1.
432 3847 472 3901 Zu
489 3847 517 3901 II
539 3849 578 3907 18,
600 3850 624 3900 5.

230 3939 297 3990 11.
329 3935 383 3990 Ein
401 3932 521 4002 Gefolge
538 3933 591 3988 wie
611 3934 670 3996 das,
690 3933 740 3988 mit
758 3933 893 3989 walchem
911 3933 1038 4003 Regulus
1060 3946 1103 3990 ¹'zu
1121 3935 1135 3989 Ι
1150 3936 1214 3999 118
1245 3950 1296 3990 aus

161 4025 237 4079 einer
256 4018 587 4089 Geriohtsverhandlung
610 4019 813 4082 znrllckkehrt,
835 4021 866 4075 in
889 4020 1011 4075 welcher
1035 4035 1064 4075 er
1088 4020 1134 4075 die
1152 4020 1296 4089 Frelspre-

161 4109 257 4177 chung
280 4109 331 4163 des
349 4104 550 4175 Angeklagten
575 4104 689 4160 erwirkt
711 4106 767 4161 hat.
807 4106 907 4162 Dieser
924 4106 974 4162 hat
986 4106 1047 4161 siolr
1065 4122 1124 4160 nun
1142 4106 1194 4162 das
1211 4106 1296 4171 Haar,

161 4197 262 4251 deser
285 4194 329 4250 bis
348 4192 434 4248 dahin
452 4191 506 4246 wie
525 4193 579 4247 den
598 4191 667 4247 Bart
690 4190 758 4261 lang
782 4192 861 4248 hatto
879 4192 1011 4248 wachsen
1029 4192 1123 4248 lassen
1143 4197 1188 4255 (zu
1206 4192 1232 4246 II
1252 4195 1293 4255 36,

160 4285 196 4346 5),
214 4280 380 4350 geschoren.

229 4370 253 4420 ·l.
284 4367 417 4419 Materne.
447 4364 487 4418 Zu
505 4364 518 4418 l
537 4366 578 4417 96.

210 4467 300 4509 Xsrlisl
315 4467 332 4508 I.
1058 4469 1088 4519 13
