2978 5414
580 93 593 140 ,1

518 195 632 236 -
810 239 856 244 ,-

174 807 237 870 240
582 806 616 861 M.
635 804 742 861 Valerii
760 806 897 862 Martialis

260 977 405 1042 Fratrem
429 984 461 1042 te
484 986 578 1043 voeat
601 985 632 1043 et
655 996 745 1043 soror
767 987 908 1044 vocatur.

262 1088 327 1154 Cur
349 1107 407 1154 vos
429 1090 559 1155 nomina
580 1091 736 1171 nequiora
759 1094 916 1174 tangenti

222 1208 237 1262 5
262 1199 370 1278 Quare
393 1220 456 1266 non
478 1202 570 1266 iuvat
591 1201 652 1266 hoo
674 1200 761 1284 quod
784 1203 862 1268 estis
884 1205 977 1267 esset

261 1313 382 1377 Lusum
404 1312 535 1378 creditis
557 1313 618 1379 hoo
639 1314 832 1396 iooumquei
868 1315 941 1378 Non
964 1322 1027 1378 est:

260 1424 404 1504 Matrem,
428 1444 513 1507 quoe
535 1426 625 1509 oupit
646 1444 718 1491 esse
741 1445 777 1491 ee
799 1445 948 1502 sororem,

261 1536 330 1600 Neo
352 1544 487 1601 matrem
510 1537 601 1602 iuvat
623 1555 696 1603 esse
718 1557 778 1602 neo
801 1557 949 1604 sororem.

725 1676 764 1740 V.

262 1785 311 1848 Ne
334 1785 473 1867 valeam,
499 1787 526 1851 si
549 1806 612 1851 non
635 1787 722 1867 totis,
747 1787 900 1868 Deeiane,
926 1786 1040 1852 diebus

304 1897 345 1961 Et
367 1904 472 1962 tecum
496 1899 570 1963 totis
592 1897 740 1963 nootibus
763 1917 835 1963 esse
858 1899 965 1965 velim.

261 2006 327 2073 Sed
350 2008 414 2073 duo
437 2009 511 2074 sunt
533 2028 618 2091 quae
639 2027 698 2074 nos
721 2008 910 2094 disiungunt
930 2011 1022 2075 milia
1044 2029 1189 2094 passum:

304 2118 460 2197 Quattuor
483 2119 564 2185 haee
585 2119 674 2200 fiunt,
699 2141 771 2186 oum
793 2120 955 2187 rediturus
978 2141 1059 2187 eam.

221 2238 237 2291 5
262 2229 369 2315 Saepe
392 2230 477 2297 dorni
500 2251 564 2297 non
587 2251 634 2315 es,
660 2252 732 2297 oum
755 2234 800 2298 sis
823 2253 960 2317 quoque,
985 2252 1084 2317 saepe
1106 2233 1250 2316 negaris.

303 2343 363 2408 Vel
387 2351 511 2409 tantum
534 2345 642 2409 oausis
665 2345 719 2411 vel
742 2345 800 2410 tibi
824 2364 922 2428 saepe
945 2363 1052 2409 vaoas.

262 2454 310 2518 Te
332 2460 440 2519 tamen
463 2464 498 2522 ut
520 2454 662 2537 videaur,
686 2456 749 2522 duo
772 2457 863 2521 milia
885 2476 949 2521 non
971 2456 1062 2540 piget
1084 2457 1147 2521 ire:

304 2565 348 2631 Ut
369 2572 402 2630 te
423 2585 487 2630 non
509 2568 648 2647 videam,
673 2574 824 2650 quattuor
845 2569 892 2632 ire
915 2568 1015 2651 piget.

712 2706 768 2771 VI.

260 2815 274 2878 Ι
297 2834 389 2889 nuno,
415 2814 511 2881 edere
533 2835 585 2881 me
607 2816 683 2881 iube
705 2816 843 2881 libellos.

260 2927 367 2991 Leotis
390 2927 445 2991 vix
468 2927 527 2993 tibi
549 2928 679 3012 paginis
702 2926 829 2992 duabus

177 3043 264 3048 ---·-
275 3044 387 3135 V-ffi.
409 3082 514 3150 Interp.
532 3082 599 3135 atacis
622 3081 735 3136 (ripert.
768 3082 851 3135 Satn:
870 3083 918 3147 iro,
937 3081 1048 3136 videam
1068 3080 1224 3145 (beidands)
1243 3082 1310 3136 ohne

175 3166 279 3234 Interp.

276 3302 317 3357 IV
334 3306 360 3355 6.
384 3301 504 3367 (Terent.
522 3304 594 3359 Eun.
612 3304 641 3358 ss
654 3307 706 3370 3,8
725 3304 834 3359 Lndum
850 3303 1005 3373 jocumque
1023 3305 1101 3359 dicet
1119 3303 1207 3359 fuisse
1230 3304 1311 3359 illum

174 3386 301 3443 alterum.
333 3388 427 3457 Priap.
445 3392 487 3454 4³,
506 3391 521 3441 2
550 3388 646 3446 Nolite
664 3390 772 3455 omnia,
799 3405 871 3459 quae
889 3390 1002 3458 loquor,
1027 3397 1127 3457 putare
1145 3390 1199 3446 Per
1216 3390 1309 3445 iusum

173 3473 240 3528 mihi
258 3489 310 3542 per
323 3472 478 3543 jocumque
497 3475 574 3539 diei).

134 3622 137 3629 ,
242 3598 267 3646 3.
288 3594 415 3648 Fratrem
432 3624 467 3633 —
483 3613 567 3651 soror.
603 3590 823 3665 Benennuugeu,
843 3595 889 3650 die
907 3596 944 3649 im
962 3595 1225 3666 gesehleohtliehen
1236 3595 1309 3651 Ver·

172 3678 242 3735 kehr
260 3679 418 3749 gebraueht
435 3681 558 3745 wuroen,
577 3681 664 3737 daher
681 3681 795 3736 nomina
814 3680 959 3751 nequiora.
1002 3680 1067 3750 Vgl.
1089 3680 1115 3734 X
1133 3684 1175 3746 65,
1198 3685 1227 3734 15
1252 3680 1309 3736 XII

172 3768 205 3818 20
223 3766 282 3821 und
301 3765 347 3821 die
365 3764 498 3822 Erkl'arer
516 3766 673 3823 nuPetron.
692 3783 716 3822 e.
735 3768 781 3818 121
795 3765 928 3821 feminam
946 3775 1073 3823 ornatum
1091 3772 1121 3823 et
1143 3767 1198 3821 hoe
1216 3767 1308 3834 primo

173 3866 248 3906 anuo
266 3852 356 3906 virum
374 3860 518 3921 expertum
535 3853 658 3909 coneilio
673 3852 733 3918 tibi,
752 3869 770 3907 o
785 3852 907 3922 juvenis,
921 3868 1053 3908 sororem.
1079 3852 1175 3907 Habes
1193 3852 1308 3922 quidem

173 3943 202 3991 et
225 3936 353 4002 fratrem,
378 3952 469 4008 neque
493 3938 567 3994 enim
590 3954 634 3994 me
656 3938 750 4009 piguit
773 3939 925 4006 inquirere;
956 3939 1007 3994 sed
1031 3938 1099 4007 quid
1123 3937 1256 4006 prohihet
1280 3945 1310 3993 et

173 4037 297 4078 sororem
314 4023 471 4091 adoptare?

241 4110 265 4164 4.
287 4113 410 4177 canpunt:
430 4109 532 4164 reizen.
568 4109 649 4164 Ovio.
669 4109 795 4179 Metaph.
816 4108 841 4162 X
859 4113 909 4162 611
934 4109 994 4165 Nee
1019 4108 1108 4164 forma
1126 4117 1237 4178 tangor,
1255 4125 1309 4176 po·

173 4200 261 4249 teram
279 4200 372 4248 tumen
391 4193 446 4249 hae
464 4210 577 4266 quoque
596 4196 684 4265 tangi.

243 4283 267 4335 i.
288 4282 458 4343 82eororern.
496 4281 610 4346 uuir,
629 4285 654 4333 1.

242 4364 277 4420 V.
298 4365 362 4435 Vgl.
382 4365 395 4419 1
416 4368 473 4420 108.

245 4454 266 4504 1.
287 4450 416 4508 Deciano.
452 4450 493 4506 Zu
510 4452 524 4505 l
543 4455 567 4504 8.

244 4557 276 4591 ue
294 4536 508 4592 voleum=IV
526 4538 567 4602 31,
586 4539 612 4589 3.
649 4537 825 4602 zoloas.

241 4624 266 4674 3.
282 4640 401 4691 paasaan.
437 4621 529 4678 Uober
547 4621 625 4677 diese
643 4622 726 4677 Form
745 4623 796 4678 des
815 4622 943 4678 Genitivs
965 4622 1044 4677 Neue
1063 4622 1202 4677 Formenl.
1228 4623 1239 4675 1
1259 4626 1310 4675 511)

173 4705 193 4760 i.
213 4707 336 4762 Liitiller
354 4724 376 4763 r.
396 4724 433 4762 m.
453 4724 481 4777 p.
501 4709 560 4762 256.

241 4792 290 4845 vl.
314 4794 336 4846 l.
358 4795 378 4846 I
393 4812 470 4848 asarta
506 4793 546 4848 Zu
565 4793 604 4861 Sp
624 4796 664 4857 23,
684 4797 708 4846 6.
