2978 5414
631 767 666 822 bi.
685 767 792 823 Valerii
810 768 946 825 Martialis

735 941 823 1005 XVI.

300 1049 487 1132 Privignum
510 1070 573 1115 non
597 1070 669 1117 esse
692 1060 768 1117 tuae
790 1059 833 1118 te.
860 1052 964 1125 Galle,
988 1071 1146 1118 novercae

343 1162 462 1225 Rumor
486 1168 565 1241 erat,
588 1165 726 1228 conium
749 1162 825 1229 dum
848 1163 909 1228 iuit
931 1164 988 1227 illa
1011 1165 1121 1247 patris.

300 1272 373 1336 Non
395 1279 502 1337 tamum
526 1271 586 1339 hoc
608 1282 735 1359 poterat
757 1276 831 1340 viru
854 1276 1000 1358 genitore
1022 1275 1163 1358 probari.

342 1385 412 1448 Iam
435 1404 593 1467 nusquam
617 1393 708 1470 pater
731 1393 788 1466 est,
814 1386 919 1461 Galle,
942 1406 1081 1452 noverca
1104 1386 1189 1452 dorni
1212 1396 1269 1454 est.

259 1503 276 1555 5
300 1495 437 1577 Magnus
460 1495 501 1560 ab
524 1496 659 1562 internis
680 1504 847 1563 revocetur
870 1497 997 1562 Tullius
1020 1497 1141 1562 umbris

342 1607 383 1671 Et
405 1613 437 1671 te
460 1605 614 1673 defendat
637 1609 780 1691 Regulus
802 1608 873 1692 ipse
896 1609 980 1687 licet,

299 1718 372 1782 Non
395 1724 486 1800 potes
509 1718 651 1784 absolvi:
676 1740 750 1784 nam
773 1739 857 1801 quae
879 1738 943 1784 non
966 1719 1085 1785 desinit
1107 1738 1180 1786 essc

341 1830 418 1894 Post
440 1837 572 1913 patrem,
597 1851 770 1914 nunquam,
795 1830 900 1899 Galle.
924 1851 1064 1896 noverca
1085 1830 1156 1897 fuit.

724 1994 829 2058 XVII.

299 2104 422 2169 Facere
443 2107 477 2169 in
499 2107 677 2188 Lyciscam,
702 2104 813 2182 Panic,
838 2123 888 2168 me
911 2104 1004 2170 iubes
1027 2122 1149 2179 versus,

300 2215 424 2293 Quibus
447 2216 504 2281 illa
526 2217 619 2282 lectis
642 2216 757 2281 rubeat
779 2222 812 2280 st
834 2216 876 2280 sit
898 2216 990 2280 irata.

299 2326 326 2392 Ο
349 2327 462 2408 Paule,
487 2328 592 2393 malus
616 2346 665 2392 ss:
690 2329 845 2391 irrumare
867 2328 917 2391 vis
940 2326 1038 2391 solus.

720 2490 840 2553 XVIII.

300 2601 372 2679 Qua
394 2603 502 2667 ricius
524 2602 607 2686 pluit
630 2602 783 2684 Vipsanis
807 2607 899 2683 porta
921 2601 1076 2665 columnis

342 2714 383 2778 Et
404 2712 515 2779 madet
537 2710 668 2778 assiduo
691 2711 834 2776 lubricus
856 2710 958 2775 Imbre
981 2711 1075 2795 Iapis,

298 2826 336 2889 In
358 2825 504 2908 iugulum
528 2825 628 2908 pueri,
652 2823 707 2906 qui
730 2821 858 2887 roscida
881 2829 966 2887 tecta
988 2821 1127 2900 subibat,

342 2935 472 3001 Decidit
494 2936 627 3000 hiberno
650 2935 839 3017 praegravis
862 2932 950 2998 unda
972 2935 1060 3016 gelu:

258 3057 274 3110 5
299 3048 443 3130 Cumque
466 3048 645 3130 peregisset
667 3045 776 3110 miseri
800 3043 945 3110 crudelia
967 3043 1043 3123 fata,

342 3157 462 3223 Tabuit
484 3159 517 3222 in
540 3156 646 3223 calido
669 3158 803 3221 vulnere
826 3175 934 3221 mucro
956 3165 1055 3220 tener.

279 3371 349 3426 XVI
366 3374 390 3425 6.
410 3372 538 3440 Repulsus.
573 3369 643 3424 Zul
665 3371 704 3422 12.

281 3457 386 3512 XVIII.
410 3456 464 3511 Ein
481 3455 544 3511 Fal}
562 3456 615 3510 wita
634 3455 684 3509 der
708 3453 768 3509 hier
785 3453 909 3509 aruithts
927 3455 966 3511 ist
979 3454 1052 3524 jctzt
1070 3456 1100 3508 In
1117 3456 1190 3509 Rom
1207 3455 1350 3511 unarhtirt.

212 3543 266 3599 Dic
290 3541 400 3598 Wintcr
423 3557 517 3597 waren
541 3542 606 3597 dort
631 3542 668 3595 im
690 3538 851 3595 Alterthnm
879 3539 979 3595 kiiltcr.
1015 3540 1118 3595 Nissen
1140 3540 1202 3595 Ital.
1227 3540 1352 3596 Laudes·

212 3629 307 3684 kunde
326 3629 339 3682 I
357 3627 439 3682 40111.

284 3718 307 3766 1.
334 3732 386 3783 qua
410 3711 499 3765 vicina
523 3711 596 3780 ptuit
629 3712 756 3781 Vipsanis
777 3717 861 3781 portu
878 3711 1013 3764 columnis.
1049 3710 1171 3766 »Becker
1194 3710 1265 3781 Top.
1291 3716 1350 3775 578,

214 3803 279 3853 1218
298 3798 432 3854 varstand
450 3804 531 3853 unter
544 3796 698 3867 Vipsanius
716 3799 863 3853 columnae
882 3797 927 3851 dic
945 3796 1076 3852 Porticus
1095 3797 1146 3853 das
1164 3796 1294 3867 Agrippa
1312 3799 1350 3853 im

211 3883 375 3939 Marsfelde:
395 3883 462 3938 aber
479 3883 509 3936 in
527 3882 632 3937 scInam
652 3883 692 3941 {In
709 3883 827 3937 meinenr
845 3882 942 3938 Besitu
960 3881 1157 3946 befindlichani
1171 3883 1350 3939 IIandexem-

212 3970 276 4039 piar
294 3968 421 4025 bcmsrkt
439 3983 468 4022 er
487 3969 573 4023 dazu:
600 3968 674 4032 nain,
699 3969 834 4024 viclmehr
852 3968 908 4023 den
926 3967 1050 4036 Campus
1067 3967 1215 4038 Agrippae
1236 3969 1348 4029 {bstlicb

212 4071 277 4110 vom
295 4052 408 4116 Corso};
428 4051 462 4106 Α.
484 4056 548 4107 1259
573 4054 678 4110 crklirt
702 4070 731 4110 sr
753 4054 835 4124 jsncs
861 4052 906 4108 tiir
923 4054 1047 4123 mbgflch
1073 4055 1141 4109 aber
1159 4053 1348 4110 suaisclhaft:

213 4148 298 4211 porta
316 4140 418 4208 pluens
436 4138 530 4194 irbnne
549 4141 625 4195 daun
643 4141 689 4195 siu
707 4140 807 4210 Bogsn
825 4141 875 4195 der
893 4156 967 4210 aqua
983 4141 1071 4209 Virgo
1091 4141 1159 4195 scin.
1196 4139 1295 4196 Sichsr
1312 4142 1352 4196 ist

213 4227 259 4283 (iic
277 4232 362 4294 porta
386 4224 487 4293 pluens
515 4225 637 4290 {ihnlich
662 4226 738 4281 hiess
762 4226 808 4281 die
826 4226 940 4281 madida
959 4224 1075 4293 Capena
1098 4225 1135 4279 im
1154 4225 1349 4281 Volksmunde

213 4328 296 4367 arcus
320 4310 431 4366 stillans
450 4309 543 4365 Schol.
562 4311 628 4366 Jnv.
649 4315 675 4375 3,
697 4315 735 4377 11)
758 4312 804 4367 ein
822 4311 1099 4380 Strasssntibsrgang
1117 4312 1167 4366 der
1186 4312 1283 4381 Virgo,
1310 4313 1348 4368 ob

213 4399 280 4454 aber
298 4398 348 4453 dar
371 4397 445 4457 noch
470 4396 614 4452 erhaltene
638 4413 704 4452 arco
732 4398 777 4452 dei
795 4397 949 4460 Nazareno,
974 4397 1013 4452 ist
1033 4396 1114 4452 nIcht
1141 4399 1350 4453 ausuumacben

212 4483 271 4538 und
295 4483 412 4538 dsshalb
437 4482 491 4536 woi
520 4481 593 4537 auch
618 4482 698 4536 nicht
721 4498 757 4536 nu
778 4481 971 4546 cntschcidsn,
996 4482 1032 4537 ob
1056 4483 1102 4537 dic
1127 4483 1274 4538 columnas
1299 4484 1350 4539 dar

213 4569 341 4637 porticus
360 4568 509 4623 odardum
528 4583 645 4635 campus
663 4568 795 4637 gehbren.
830 4567 972 4623 Achnlich
990 4568 1127 4624 LancIani
1145 4567 1246 4637 Aeque
1265 4584 1280 4624 e
1299 4586 1350 4623 ac·

213 4655 342 4724 quadotti
362 4655 460 4719 (Roma
480 4655 554 4718 1880)
573 4668 602 4721 p.
625 4655 694 4707 lia«
727 4654 840 4707 Jordan.

281 4738 375 4795 Ucber
394 4739 440 4794 die
458 4737 608 4808 sinsiibigc
627 4738 835 4809 Casnssndung
851 4756 909 4794 von
927 4739 1062 4807 Vipsanis
1081 4757 1116 4795 zu
1134 4740 1147 4793 I
1168 4743 1226 4805 117,
1249 4743 1290 4795 lt.
