2978 5414
219 760 282 826 458
624 758 661 816 M.
681 758 788 815 Valerii
805 758 942 814 Martialis

307 930 423 996 Hicine
445 929 577 996 deflebit
599 948 675 996 vero
696 939 754 996 tua
776 929 845 995 sata
866 929 994 996 doloret

351 1041 386 1107 Si
409 1043 509 1126 cupis,
531 1050 566 1108 ut
588 1042 704 1125 ploret,
729 1041 796 1120 des,
820 1041 975 1120 Mariano,
998 1041 1088 1106 nihil.

729 1195 844 1260 LXIV.

310 1308 390 1375 Cum
413 1308 458 1373 sis
481 1327 540 1372 neo
562 1307 669 1391 rigida
690 1307 863 1372 Fabiorum
885 1314 983 1391 gente
1007 1315 1133 1373 oreatus

307 1420 377 1485 Nee
399 1418 528 1501 qualem
552 1418 656 1498 Curio,
681 1417 757 1484 dum
780 1418 917 1502 prandia
939 1426 1046 1502 portat
1069 1420 1182 1499 aranti,

307 1531 441 1596 Hirsuta
462 1531 588 1614 peperit
610 1529 770 1612 deprensa
792 1529 851 1595 sub
874 1529 949 1596 ilioe
971 1531 1118 1609 ooniunx,

309 1641 376 1708 Sed
398 1643 499 1724 patu's
522 1640 565 1707 ad
588 1643 753 1724 speoulum
775 1641 860 1707 tonsi
883 1642 1059 1724 matrisque
1082 1648 1212 1725 togatae

270 1762 286 1816 5
310 1752 414 1818 Filius
437 1758 469 1818 et
491 1753 593 1836 possit
615 1771 766 1836 sponsam
789 1759 820 1817 te
844 1771 963 1836 sponsa
984 1772 1113 1818 voeare:

310 1863 492 1930 Emendare
513 1882 611 1943 meos,
634 1882 714 1945 quos
737 1865 826 1929 novit
847 1863 943 1944 fama,
966 1864 1095 1929 libellos

310 1976 351 2041 llt
373 1974 431 2041 tibi
454 1976 613 2058 permittis
635 1973 746 2039 felioes
770 1993 902 2059 oarpere
924 1994 1043 2058 nugas,
1067 2012 1111 2021 —

310 2088 389 2165 Has,
412 2087 553 2168 inquam,
576 2104 690 2169 nugas,
715 2086 831 2168 quibus
854 2105 964 2151 aurem
987 2084 1156 2151 advertere
1177 2093 1281 2151 totam

311 2199 384 2263 Non
407 2204 619 2280 aspernantur
641 2215 789 2280 proteres
811 2197 964 2280 urbisque
985 2197 1119 2279 forique,

252 2317 288 2373 10
313 2307 402 2386 Quas
425 2315 458 2373 et
480 2309 626 2391 perpetui
649 2307 824 2392 dignantur
846 2310 965 2375 serinia
988 2307 1048 2373 Sili

311 2421 353 2485 Et
374 2420 491 2503 repetit
513 2420 630 2484 totiens
653 2419 792 2486 faoundo
814 2421 958 2503 Regulus
981 2439 1044 2498 ore,

312 2529 439 2613 Quique
460 2529 549 2596 videt
572 2531 702 2614 propius
725 2532 834 2615 magni
857 2532 1033 2597 oertamina
1056 2529 1140 2596 Circi

313 2640 441 2707 Laudat
463 2641 644 2707 Aventinae
665 2642 791 2707 vieinus
813 2642 896 2708 Sura
918 2642 1054 2720 Dianae,

312 2754 388 2838 Ipse
411 2753 507 2818 etiam
529 2760 619 2819 tanto
642 2751 789 2818 dominus
811 2754 872 2818 sub
894 2752 1035 2837 pondere
1058 2771 1162 2817 rerum

252 2873 288 2928 15
311 2864 385 2929 Non
408 2862 601 2948 dedignatur
623 2864 672 2928 bis
695 2872 808 2947 terque
829 2867 996 2930 revolvere
1019 2863 1151 2929 Caesar.

314 2974 380 3041 Sed
403 2974 463 3040 tibi
484 2976 557 3058 plus
579 2976 707 3058 mentis,
732 2976 790 3042 tibi
813 2995 867 3041 oor
887 2978 1021 3042 limante
1042 2975 1188 3039 Minerva

313 3088 427 3151 Acrius
451 3093 483 3151 et
503 3093 618 3152 tenues
640 3085 800 3152 finxerunt
823 3094 935 3171 peetus
957 3085 1112 3151 Athenae.

314 3198 365 3263 Ne
387 3198 524 3276 valeam,
549 3198 577 3262 si
604 3217 668 3262 non
690 3198 790 3263 multo
813 3198 899 3281 sapit
921 3197 1018 3262 altius
1040 3195 1132 3276 illud,

231 3322 437 3333 --.---

331 3378 423 3432 LXIV
441 3380 465 3429 3.
495 3378 635 3446 deprensa
662 3377 688 3429 Τ
705 3377 773 3429 Scin
814 3375 1008 3442 mbioutolnda
1031 3374 1132 3436 QBFo
1152 3374 1208 3426 Ser.
1274 3403 1280 3420 ·
1383 3339 1392 3347 ⁵

232 3486 436 3494 .—..--—-

334 3538 426 3593 LXIV
447 3539 485 3590 12.
516 3537 597 3593 Ouid.
618 3539 660 3592 Ex
678 3537 708 3592 P.
728 3538 741 3592 I
760 3539 784 3603 4,
804 3540 834 3591 15
855 3537 923 3592 circi
939 3567 974 3577 -
993 3537 1153 3591 certamina.

298 3709 389 3763 LXIV
410 3712 482 3763 1-3.
526 3710 758 3772 1111111111
790 3709 897 3775 Quaere
915 3709 1037 3777 aliquem
1061 3706 1161 3763 Curios
1180 3721 1292 3775 semper
1313 3710 1378 3767 Fa-

230 3797 348 3865 biosque
370 3794 531 3865 loquentem
549 3795 693 3850 Hirsutum
717 3800 746 3849 et
764 3795 834 3849 dura
855 3794 1015 3850 rusticitate
1038 3798 1153 3847 trucem.
1187 3791 1226 3845 Zu
1246 3794 1260 3846 Ι
1280 3795 1327 3860 24,
1350 3802 1377 3852 3.

298 3886 322 3934 4.
355 3881 408 3933 Sed
419 3880 510 3949 patris
527 3881 563 3934 ad
578 3881 713 3950 speculum
731 3879 807 3931 tomi.
837 3879 908 3934 VIlI
927 3880 1006 3945 51,1
1031 3874 1157 3933 censura
1175 3878 1286 3945 speonli
1307 3897 1378 3937 ma-

230 3984 296 4023 num
314 3972 437 4036 regente.

216 4099 220 4109 .
299 4057 411 4122 topatus.
442 4051 631 4117 Ζ111139,2.

299 4141 322 4191 6.
354 4156 417 4207 quoe
435 4136 507 4190 novit
520 4139 608 4208 sunta.
639 4136 652 4188 I
672 4139 711 4201 39,
731 4138 746 4187 2
770 4135 872 4202 Quales
889 4164 924 4174 -
941 4134 1017 4189 fama
1034 4134 1115 4189 novit
1134 4149 1213 4190 anus.

274 4226 323 4292 Δ1.
353 4241 445 4294 napae.
476 4222 623 4286 2111113,
642 4223 665 4273 6.
1257 4268 1260 4274 ,

302 4311 340 4360 10.
371 4308 425 4362 VII
444 4309 485 4372 63,
510 4310 520 4358 1
540 4306 675 4375 Perpetui
693 4322 836 4377 nunquam
853 4305 988 4360 moritura
1005 4303 1149 4360 volumina
1167 4301 1225 4358 Sili.

215 4425 219 4433 ·
301 4396 341 4446 11.
373 4395 500 4464 aequm.
532 4392 603 4447 2111
624 4395 662 4444 m.

303 4481 342 4534 12.
373 4478 442 4532 uidet
456 4478 581 4549 propius.
611 4477 651 4533 Zu
670 4476 708 4545 Sp
727 4476 755 4529 Il
776 4478 787 4527 l
807 4475 957 4540 11111149,
978 4477 1018 4528 13.

303 4568 342 4618 13.
374 4566 452 4618 Sura.
485 4564 615 4627 211149,
634 4565 674 4616 40.

304 4653 343 4701 14.
374 4649 502 4703 dominus.
535 4649 574 4704 Zu
591 4647 632 4702 IV
651 4648 691 4712 28,
711 4651 734 4699 5.

304 4737 341 4787 18.
361 4735 441 4788 illud:
461 4750 510 4789 oor
527 4734 677 4804 pecudum.
