2978 5414
628 726 664 782 ll.
684 725 789 781 Valerii
808 725 943 781 Martialis

697 897 874 963 LXXXVI.

310 1013 359 1077 Ne
381 1011 507 1094 legeres
530 1016 653 1094 partem
676 1010 800 1089 lascivi,
824 1016 923 1088 casta,
946 1008 1060 1090 libelli,

352 1120 503 1187 Praedixi
526 1129 559 1187 et
579 1121 700 1187 monui:
725 1128 760 1186 tu
782 1127 898 1199 tamen,
923 1139 1007 1199 ecee,
1031 1119 1124 1203 legis.

309 1232 376 1299 Sed
398 1234 425 1298 si
448 1233 659 1299 Panniculum
682 1240 809 1316 spectas
832 1240 873 1311 et,
897 1240 998 1312 casta,
1023 1233 1180 1308 Latinum,

350 1345 423 1409 Non
445 1352 519 1409 sunt
541 1345 622 1410 haec
643 1344 748 1407 mimis
771 1343 973 1426 improbiora,
997 1381 1039 1389 -
1061 1344 1144 1426 lege.

691 1506 885 1571 LXXXVII.

308 1618 427 1682 Narrat
448 1624 490 1696 te,
514 1617 645 1695 Chione,
669 1636 775 1682 rumor
797 1636 960 1700 nunquam
983 1636 1055 1682 esse
1077 1617 1213 1682 fututam

351 1730 456 1811 Atque
478 1728 558 1793 nihil
581 1748 683 1794 cunno
706 1731 817 1812 purius
840 1747 913 1794 esse
935 1734 999 1793 tuo.

309 1840 410 1906 Tecta
431 1848 539 1905 tamen
560 1858 624 1904 non
646 1839 716 1920 hae,
741 1861 805 1922 qua
827 1839 937 1917 (lebes,
961 1847 1053 1923 parte
1076 1839 1210 1904 lavaris:

352 1950 388 2015 Si
410 1950 513 2033 pudor
536 1958 593 2029 est,
619 1949 756 2015 transfer
778 1950 924 2035 subligar
945 1952 978 2015 in
1001 1951 1125 2016 faciem.

682 2114 892 2178 LXXXVIII.

311 2222 393 2288 Sunt
414 2224 534 2306 gemini
556 2223 682 2302 fratres,
706 2223 836 2290 diversa
858 2223 916 2289 sed
938 2225 1072 2308 inguina
1093 2225 1229 2308 lingunt.

353 2335 468 2412 Dicite,
492 2333 667 2399 dissimiles
690 2342 764 2400 sunt
786 2337 899 2420 magis,
924 2356 966 2400 an
989 2337 1129 2400 similesi

697 2499 876 2563 LXXXIX.

314 2607 413 2674 Utere
435 2607 570 2674 lactucis
593 2617 625 2674 et
647 2609 796 2675 mollibus
818 2618 908 2675 utere
930 2610 1058 2675 malvis:

353 2720 436 2785 Nam
460 2720 574 2786 faeiem
597 2719 722 2803 durum,
747 2720 889 2795 Phoebe,
914 2722 1056 2787 cacantis
1079 2721 1192 2786 habes.

328 2906 472 2961 LXXXVI
490 2914 514 2963 3.
543 2914 656 2979 spectas
674 2914 703 2964 et
721 2914 801 2964 casta
824 2909 943 2962 raetia
978 2924 1021 2977 sp.
1041 2915 1073 2963 ιιι
1091 2914 1171 2963 easta
1190 2910 1239 2970 ΡΟ
1270 2908 1294 2963 si
1312 2923 1357 2976 sp.

227 3001 308 3049 casta
325 2994 401 3046 EFu
416 2995 465 3047 Ser
473 2994 556 3046 Selm¹
575 2997 679 3064 Interp.
697 2995 764 3047 nack
787 2993 907 3047 (littam
921 3012 951 3062 p.
973 3003 1030 3050 516.

226 3171 255 3220 te
282 3078 489 3227 chssffiffl
515 3082 538 3132 l.
570 3079 685 3144 Chione,
704 3096 796 3134 rumor
820 3080 844 3132 Τ
876 3094 975 3143 rumor,
995 3077 1102 3135 (Ilione
1122 3080 1223 3133 PEFu
1263 3096 1359 3134 rumor

331 3316 506 3373 LXXXVIII
527 3320 548 3370 1.
578 3318 661 3387 Verg.
680 3317 714 3372 A.
733 3318 788 3373 Vll
806 3322 856 3371 670
875 3318 946 3373 Tum
964 3318 1067 3387 gamini
1086 3317 1195 3373 frates.

228 3489 305 3545 steht
328 3489 389 3544 also
412 3488 472 3544 hler
488 3488 534 3544 fiir
551 3491 606 3545 den
625 3490 812 3551 Ehebrecher,
838 3491 971 3546 withrend
996 3491 1046 3546 der
1067 3491 1221 3559 bettegene
1240 3488 1358 3545 Gemahl

227 3574 280 3630 wie
298 3575 476 3645 gewithnlich
496 3575 538 3631 als
556 3574 699 3630 Menelaus
717 3577 841 3645 gedacht
858 3577 903 3633 ist.
935 3575 979 3632 SG
996 3578 1009 3631 1
1029 3579 1088 3629 516.

295 3660 448 3715 LXXXVI.
478 3660 665 3730 vgl.1116s.

299 3748 322 3798 1.
349 3751 463 3815 purtem.
494 3745 1099 3818 DieHlill'te{43v0n100Epigrammen).
1130 3749 1170 3802 Zn
1189 3749 1215 3802 ll
1234 3751 1277 3810 25,
1297 3753 1321 3800 6.

297 3835 320 3884 3.
353 3831 529 3886 Panniculum
547 3863 581 3872 -
599 3833 735 3886 Latinum.
765 3833 805 3888 Zu
822 3834 837 3887 I
854 3838 879 3893 4,
900 3834 1037 3888 enneli
1057 3835 1098 3896 72,
1118 3837 1141 3885 4.

297 3921 322 3972 l.
354 3917 442 3970 mimis
465 3918 634 3987 improbiora.
669 3919 708 3973 Zu
731 3919 743 3971 l
768 3921 814 3982 41,
839 3921 877 3970 12.
915 3919 1007 3975 Ueber
1031 3919 1077 3974 die
1101 3919 1361 3989 Unanstiindiglieit

227 4004 278 4061 der
295 4003 397 4058 Mimen
416 4002 460 4058 SG
478 4005 506 4057 11
525 4006 573 4054 394
592 4002 611 4058 i.

296 4089 464 4145 LXXXVII.
486 4092 509 4145 1,
545 4089 649 4144 Ohiosse.
681 4089 838 4144 21111183.

297 4179 322 4228 4.
352 4175 478 4246 subliqar.
516 4175 630 4239 schum,
652 4175 724 4230 auch
742 4191 798 4230 von
817 4175 927 4231 Franen
943 4182 1086 4246 getrsgen.
1121 4175 1283 4245 llarquardt
1301 4175 1357 4228 Pul.

229 4264 289 4327 ιιι,
308 4264 333 4313 a.

297 4345 449 4401 LXXXIX
481 4345 595 4402 Sueten.
616 4346 735 4415 Vespas.
758 4364 781 4402 c.
800 4351 833 4401 ιι)
858 4347 1060 4414 Νιιριιιίιιιιιιι
1083 4345 1145 4408 luit)
1167 4347 1248 4402 vultu
1271 4346 1362 4402 veluti

229 4433 358 4489 nitentIs:
384 4433 419 4488 de
442 4448 498 4503 que
522 4433 635 4503 quidam
659 4433 828 4488 urbanorum
846 4449 903 4487 non
924 4432 1057 4494 infacete,
1078 4433 1101 4488 si
1121 4433 1232 4502 quidem
1251 4434 1360 4502 petenti

229 4525 262 4573 nt
279 4525 308 4574 et
325 4519 355 4573 in
367 4534 398 4575 se
415 4519 522 4589 ailquid
540 4519 660 4583 diceret,
680 4518 792 4581 Dicam,
809 4518 910 4586 inquit,
924 4535 987 4573 enm
1004 4525 1129 4574 ventrem
1143 4534 1294 4574 exonerare
1314 4519 1362 4574 de-

229 4603 320 4660 sicula.

301 4693 321 4740 1.
353 4691 469 4746 lactucis.
502 4689 542 4743 XI
561 4690 602 4753 52,
623 4692 638 4740 5
656 4689 748 4745 vcntm
766 4690 881 4745 lactuca
899 4691 1038 4746 movendo
1057 4689 1150 4745 Utilis.
