2978 5414
661 778 695 833 ll.
714 777 820 834 Valerii
837 777 974 835 Martialis

766 951 869 1016 LXX.

338 1062 490 1129 Moechus
514 1082 549 1129 es
571 1062 732 1144 Aufidiae,
758 1062 893 1146 quivit,
919 1061 1089 1145 Seaevine,
1113 1062 1219 1142 fuisti;

382 1175 507 1241 Rivalis
529 1174 636 1240 fuerat
657 1174 712 1257 qui
736 1180 822 1254 tuus,
847 1173 904 1238 ille
926 1175 976 1239 uir
998 1180 1057 1239 est.

338 1285 404 1352 Cur
426 1287 534 1352 allena
556 1287 664 1371 plaoet
684 1285 752 1365 tibi,
778 1304 862 1368 quae
884 1292 941 1351 tua
962 1305 1026 1351 non
1048 1286 1165 1369 plaeet,
1188 1289 1291 1352 uxori

381 1397 545 1481 Numquid
568 1415 700 1463 seourus
722 1416 786 1462 non
807 1403 899 1480 potes
922 1397 1084 1480 arrigerei

760 1576 876 1641 LXXI.

338 1706 483 1772 Mentula
504 1725 576 1771 eum
599 1703 708 1771 doleat
730 1724 838 1788 puero,
863 1705 930 1785 tibi,
955 1705 1109 1786 Naevolo,
1134 1706 1234 1785 aulus,

381 1818 454 1883 Non
476 1838 546 1883 sum
569 1815 710 1898 divinus,
735 1815 793 1881 sed
816 1817 881 1882 seio
905 1815 983 1898 quid
1006 1816 1116 1882 iacias.

748 1988 884 2053 LXXII.

338 2120 395 2184 Vis
417 2118 508 2197 futui,
532 2137 592 2183 nee
614 2118 663 2182 vis
685 2136 819 2195 meeum,
845 2115 986 2195 Saufeia,
1012 2116 1126 2181 lavari.

380 2231 498 2295 Nesoio
520 2228 607 2312 quod
628 2248 781 2313 magnum
803 2228 949 2312 suspioor
970 2246 1043 2292 esse
1065 2228 1166 2294 nefas.

337 2342 403 2407 Aut
425 2341 483 2406 tibi
506 2358 671 2425 pannosae
693 2338 878 2423 dependent
900 2347 1029 2422 peetore
1052 2359 1218 2419 mammae,

380 2453 446 2518 Aut
468 2453 574 2518 suloos
597 2452 678 2518 uteri
701 2449 837 2534 prodere
859 2449 947 2515 nuda
969 2451 1077 2530 times,

298 2573 315 2626 5
338 2564 404 2629 Aut
425 2563 548 2629 infinito
571 2563 714 2629 laterum
737 2569 827 2645 putet
848 2563 970 2644 inguen
991 2561 1095 2645 hiatu,

379 2676 446 2741 Aut
467 2673 593 2758 aliquid
614 2674 710 2740 eunni
733 2675 891 2757 preminet
913 2693 968 2739 ore
990 2674 1046 2738 tui.

339 2786 404 2854 Sed
426 2787 507 2852 nihil
530 2793 580 2851 est
600 2786 725 2866 horum,
749 2785 857 2869 eredo,
882 2785 1097 2869 pulcherrima
1119 2784 1207 2850 nuda
1229 2804 1275 2851 es.

380 2898 415 2964 Si
438 2917 549 2964 verum
572 2903 629 2978 est,
654 2898 766 2962 vitium
789 2897 881 2980 peius
904 2895 1021 2962 habes:
1046 2896 1137 2961 fatua
1160 2916 1205 2962 es.

733 3077 886 3142 LXXIII.

337 3208 465 3273 Dormis
488 3226 558 3272 oum
582 3206 690 3289 pueris
712 3205 910 3284 mutuniatis‚

337 3319 378 3383 Et
399 3337 462 3382 non
485 3324 550 3383 stat
572 3317 639 3396 tibi,
664 3317 802 3399 Phoebe,
827 3315 913 3399 quod
936 3323 1001 3382 stat
1022 3318 1096 3383 illis.

337 3428 422 3507 Quid
445 3430 495 3494 vis
516 3448 577 3509 mo,
601 3448 687 3512 rogo,
712 3428 852 3505 Phoebe,
876 3429 1054 3512 suspiearii

336 3540 466 3605 Mollem
489 3539 619 3606 eredere
643 3546 675 3605 te
697 3541 801 3605 virum
823 3539 981 3619 volebam,

296 3660 312 3714 5
338 3651 403 3717 Sed
426 3671 532 3717 rumor
553 3659 653 3735 negat
675 3670 747 3717 esso
770 3659 802 3716 te
825 3650 1002 3716 cinaedum.

352 3839 430 3894 LXX
448 3843 471 3891 3.
503 3853 574 3909 quae
593 3845 642 3894 tua
659 3854 716 3893 non
734 3838 840 3906 placet,
865 3838 969 3893 Gillert
982 3848 1039 3909 Μ
1075 3855 1147 3909 quaa
1166 3845 1222 3903 tua,
1242 3855 1299 3895 non
1318 3842 1384 3911 pla-

252 3932 297 3981 cet
316 3927 459 4064 &Im
478 4013 501 4063 2.
531 4026 662 4080 magnum
686 4012 760 4073 TPQ
795 4010 886 4081 majus
904 4010 1112 4065 EXABCFG.

251 4128 456 4137 “““”“““-
526 4127 540 4161 l

318 4199 405 4254 Lxx.
426 4201 451 4252 3.
483 4198 571 4252 alima
586 4229 621 4238 -
639 4203 694 4250 tua.
725 4198 778 4254 Als
797 4198 914 4254 Fremde
932 4229 967 4238 —
985 4199 1027 4254 als
1047 4199 1092 4254 die
1109 4198 1208 4254 Deine.

318 4301 433 4356 LXXII.
465 4300 557 4356 Uebor
574 4300 856 4369 gemeinschaftliohe
868 4301 962 4358 Bidos
979 4318 1036 4357 von
1048 4301 1183 4357 loannem
1200 4303 1257 4358 und
1271 4302 1385 4359 Frauen

250 4406 286 4445 ²¹¹
305 4388 347 4526 III
366 4390 495 4545 mum
512 4502 546 4511 -
563 4476 651 4544 nasas.
682 4473 722 4527 Zu
741 4473 782 4527 III
801 4474 842 4538 42,
863 4476 888 4524 4.

318 4564 343 4614 4.
374 4562 458 4615 seuleus
475 4558 553 4613 uteri.
584 4559 624 4613 Zu
641 4558 684 4612 111
702 4562 743 4624 42,
764 4561 786 4613 l.

317 4662 445 4717 LXXIII.
466 4666 491 4716 4.
523 4663 642 4717 Mollem.
672 4661 738 4732 vgl.
758 4662 785 4716 II
804 4663 844 4727 84,
868 4663 889 4714 1.

318 4753 341 4803 5.
372 4767 470 4803 rumor.
500 4748 565 4819 Vgl.
584 4748 628 4802 III
647 4752 687 4814 80,
706 4751 729 4799 2.
