2978 5414
392 384 429 438 il.
449 383 555 439 Valerii
572 383 709 438 Martialis
727 382 958 453 Epigrammeten
976 384 1055 441 liber.
1231 391 1294 453 135

159 560 314 645 ἐπιφανεῖς
338 554 627 642 συγκατειργάσαντο
652 559 681 638 (6
693 556 723 636 b,
748 558 789 635 4).
826 555 932 643 ἀνδρες
956 556 989 622 δὲ
1010 556 1115 621 πολλοὶ
1139 557 1191 643 μέν
1215 562 1289 644 ἐμο-

159 668 353 756 νομάχησαν,
390 668 495 732 πολλοί
528 667 561 733 δέ
594 667 645 732 καί
680 669 788 753 ἀθρόοι
820 667 851 731 ἕν
885 692 917 731 τε
949 668 1150 756 πεζομαχίαις
1179 671 1229 736 καί
1259 674 1292 735 ἐν

159 782 342 868 ναυμαχίαις
376 778 581 866 ἠγωνίσαντο·
618 778 650 844 τὸ
687 775 747 866 γάρ
785 780 911 866 θέατρον
946 778 1017 845 αύτά
1053 782 1148 846 ἐκεῖνο
1183 783 1292 856 ὕδατος

159 895 300 980 ἐξαίφνης
322 893 483 978 πληρώσας
503 893 576 975 1(24),
596 893 723 978 ἐςηγαγε
746 890 798 975 μὲν
821 890 872 956 καί
894 889 1001 964 ἵππους
1022 890 1074 957 καί
1097 893 1223 979 ταύρους
1238 895 1291 960 καί

160 1006 239 1071 ἀλλα
261 1000 326 1070 τινά
350 1005 512 1091 χειροήθη,
539 1004 738 1089 δεδιδαγμένα
759 998 848 1067 πάνθ’
874 1005 932 1068 ὅσα
954 1002 1002 1067 ἐπί
1025 1010 1078 1090 τῆς
1100 1011 1166 1091 γῆς,
1192 1006 1291 1092 πράτ-

160 1143 219 1182 τειν
242 1116 294 1181 καί
316 1117 348 1179 ἐν
370 1119 412 1203 τῷ
436 1115 538 1202 ύγρῷ·
559 1116 685 1201 ἐςηγαγε
708 1113 741 1179 δὲ
756 1115 807 1180 καί
825 1115 1000 1201 ἀνθρώπους
1016 1114 1065 1180 ἐπί
1079 1118 1214 1181 πλοίων·
1239 1117 1291 1184 καί

160 1222 241 1294 οὗτοι
264 1228 316 1313 μὲν
339 1229 418 1308 ἐκεῖ,
453 1230 493 1300 ὡς
524 1227 628 1312 οἱμὲν
658 1224 857 1312 Κερκυραῖοι,
891 1228 919 1291 οί
949 1227 982 1292 δὲ
1010 1225 1168 1314 Κορίνθιοι
1196 1231 1289 1313 ὄντες,

160 1338 377 1427 ἐναυμάχησαν
401 1342 495 1421 (24,3)
524 1360 530 1373 ·
557 1337 645 1403 ἄλλοι
673 1337 706 1403 δέ
736 1336 792 1410 ἔξω
820 1339 851 1402 ἐν
880 1343 922 1425 τῷ
952 1338 1039 1404 ἄλσει
1060 1345 1105 1426 τῷ
1125 1346 1177 1406 τοῦ
1200 1341 1293 1407 Γαίου

160 1458 211 1517 τοῦ
234 1477 265 1516 τε
282 1453 412 1515 ,δουκίοο
434 1453 452 1515 δ’
473 1475 544 1515 ποτε
568 1449 770 1534 ύΑύγουστος
786 1446 828 1513 ἐπ’
856 1449 928 1514 αύτύ
951 1446 1026 1515 τοῦτ’
1052 1447 1186 1539 ὠρύξατο
1204 1456 1286 1537 (28,1

160 1564 285 1629 Becker
308 1564 446 1647 Topegr.
471 1566 543 1640 657,
570 1565 651 1626 1416
675 1561 799 1627 Preller
822 1562 987 1646 Regienen
1011 1566 1073 1629 206
1096 1565 1215 1649 Anm.).
1240 1565 1295 1631 καὶ

160 1673 219 1761 γάρ
243 1675 376 1740 ἐνταῦθα
398 1680 433 1760 τῇ
459 1673 511 1759 μὲν
534 1674 637 1759 πρώτῃ
660 1674 760 1759 τ’,μέρη
784 1675 956 1759 μονομαχία
979 1672 1031 1739 καί
1053 1676 1168 1761 θηρίων
1192 1674 1294 1764 σφαγὴ

163 1789 262 1869 [28,4
286 1806 317 1865 ε,
342 1790 400 1865 29,
426 1789 476 1869 30)
507 1785 816 1870 κατοικοδομηθείσης
839 1786 938 1850 σανίσι
959 1791 1012 1871 τῆς
1035 1783 1113 1851 κατά
1135 1791 1296 1874 πρόσωπον

160 1905 217 1963 τῶν
245 1901 367 1963 εἰκόνων
397 1900 503 1982 λίμνης
531 1897 582 1962 καί
612 1899 691 1983 ίκρία
724 1898 807 1983 πέριξ
837 1898 1007 1983 λαβούσης,
1039 1902 1075 1984 τῇ
1106 1898 1139 1964 δὲ
1170 1902 1295 1988 δευτέρᾳ

164 2010 345 2096 ἱπποδρομία
384 2012 449 2093 (28,
482 2015 512 2074 5.
546 2014 574 2075 6.
599 2012 627 2092 9)
662 2006 714 2073 καί
741 2012 778 2095 τῇ
813 2009 896 2095 τρίτη
934 2011 1089 2097 ναυμαχία
1125 2015 1295 2100 τριςχιλίων

164 2123 303 2209 ἀνδρῶν·
330 2120 381 2186 καί
405 2118 481 2205 μετά
504 2125 589 2185 τοῦτο
612 2119 663 2185 καί
684 2121 857 2207 πεξομαχία
880 2121 1007 2205 ἐγένετο.
1040 2124 1213 2207 νικήσαντες
1235 2121 1297 2212 γάρ

161 2235 190 2299 οί
210 2230 364 2320 Ἀθηναῖοι
386 2232 453 2306 τούς
477 2232 681 2318 Συρακοσίους
705 2231 829 2315 (τούτοις
851 2227 911 2318 γάρ
934 2233 996 2305 τοῖς
1027 2234 1152 2317 ὀνόμασι
1174 2233 1296 2322 χρησά-
1373 2316 1376 2321 Ι

161 2370 244 2430 μενοι
266 2342 496 2433 ἐναυμάχησαν)
520 2345 682 2428 ἐπεξῆλθον
713 2344 743 2416 ἐς
764 2341 797 2407 τύ
826 2345 975 2428 νησίδιον,
1008 2343 1059 2409 καί
1080 2347 1296 2432 προςβαλύντες

161 2459 254 2545 τείχει
276 2458 332 2522 τινί
361 2456 428 2545 περί
457 2456 489 2521 τά
515 2457 656 2542 μνημεῖον
686 2456 876 2543 πεποιημένῳ
904 2453 985 2520 εἶλον
1009 2456 1092 2520 αύτύ.
1124 2461 1219 2522 ταῦτα
1242 2458 1296 2544 μὲν

162 2572 193 2642 ἐς
216 2571 283 2657 ὄψιν
306 2573 417 2655 ἥκοντα
446 2567 521 2652 [καί]
542 2564 587 2654 ἐφ’
614 2565 719 2632 ἑκατὸν
733 2566 849 2653 ἡμέρας
865 2567 980 2652 ἐγένετο
999 2618 1005 2631 .
1024 2567 1159 2656 παρέσχε
1182 2569 1214 2634 δέ
1230 2594 1295 2636 τινα

161 2681 212 2746 καί
246 2683 277 2755 ἐς
305 2682 454 2768 ὠφέλειαν
489 2681 618 2766 φέροντα
655 2679 755 2751 αὐτοῖς
780 2728 787 2742 .
812 2677 939 2765 σφαιρία
967 2675 1027 2766 γάρ
1064 2680 1166 2752 ξύλινα
1202 2679 1296 2770 μικρά

161 2793 277 2858 ἀνωθεν
301 2795 332 2866 ἐς
354 2792 386 2857 τύ
411 2793 537 2879 θέατρον
560 2792 690 2877 ἐρρίπτει
712 2789 860 2876 σύμβολον
882 2788 992 2877 ἔχοντα
1014 2789 1047 2855 τὸ
1071 2790 1124 2876 μέν
1147 2793 1299 2878 ἐδωδίμου

162 2908 250 2985 τινός,
268 2903 301 2969 τά
326 2904 359 2970 δὲ
382 2906 520 2990 ἐσθῆτος,
538 2902 571 2968 τά
595 2902 628 2967 δὲ
652 2903 782 2989 ἀργυροῦ
797 2901 932 2979 σκεύους,
951 2900 1027 2967 ἀλλο
1042 2908 1168 2990 χρυσοῦ,
1185 2902 1294 2987 ἵππων,

163 3017 345 3102 ὑποζυγίων,
378 3014 595 3102 βοσκημάτων,
623 3015 842 3101 ἀνδραπόδων·
869 3013 888 3077 ἀ
912 3011 1109 3098 ἀρπάσαντοίς
1130 3038 1211 3089 τινας
1234 3016 1298 3082 ἔδει

163 3127 235 3214 πρὸς
269 3127 338 3200 τούς
372 3130 500 3214 δοτῆρας
536 3127 632 3192 αὐτῶν
667 3126 856 3209 ἀπενεγκεῖν,
897 3124 949 3189 καί
986 3127 1089 3212 λαβεῖν
1125 3126 1158 3190 τί
1197 3131 1297 3214 ἐπιγε-

162 3242 344 3326 γραμμένον.

247 3352 353 3417 Wenn
381 3349 433 3415 ich
463 3349 618 3416 tretzdem
647 3347 757 3415 friher
788 3347 852 3429 (SG
875 3348 924 3412 ΙΙΙ
947 3349 1062 3432 4251.)
1093 3350 1212 3416 ebeneo
1234 3353 1299 3417 wie

162 3461 364 3529 JosKehrein
394 3460 574 3545 (Supplmb.
607 3481 647 3526 zu
675 3459 779 3528 Jahne
808 3459 872 3526 Jbb
906 3459 951 3524 IV
974 3464 1034 3525 541
1054 3460 1087 3545 f.)
1122 3482 1299 3547 angenom-

162 3594 235 3640 men
263 3573 362 3653 habe,
394 3572 471 3639 dass
500 3571 570 3638 dies
598 3571 689 3637 Bueh
717 3569 800 3636 νυοί]
835 3571 942 3655 einige
973 3572 1015 3654 (in
1044 3573 1133 3639 einer
1161 3575 1298 3640 zweiten

161 3686 316 3770 Ausgabe
343 3684 567 3768 nachtriglieh
588 3683 829 3768 hinzugeiiigte)
857 3683 1064 3767 Epigramme
1091 3684 1151 3750 auf
1173 3685 1299 3752 Schau-

162 3796 266 3882 spiele
294 3797 476 3862 Domitiana
508 3796 606 3879 (Suet.
633 3796 724 3862 Dom.
749 3814 775 3860 ο.
800 3798 819 3857 4
848 3795 910 3860 Βία
933 3795 1056 3860 LXVII
1079 3800 1109 3880 8)
1139 3796 1296 3880 enthalte‚

161 3907 218 3974 der
241 3908 295 3974 die
317 3909 494 3975 Delatoren
517 3906 677 3973 ebenfalls
705 3906 862 3972 bestrafte
889 3904 988 3990 (Suet.
1013 3908 1104 3973 Dom.
1129 3926 1155 3973 ο.
1181 3912 1226 3991 3),
1260 3928 1296 3976 eo

160 4021 203 4086 ist
225 4019 296 4086 dies
319 4019 565 4104 hauptsiehlioh
588 4017 725 4084 deehalb
747 4016 925 4101 gesehehn,
956 4019 1031 4084 weil
1054 4017 1114 4084 das
1142 4019 1189 4104 Sp
1219 4024 1298 4102 225

163 4131 328 4198 erwihnte
357 4132 575 4216 zweihiirnige
607 4131 803 4196 Rhinoceros
841 4129 911 4213 (aui
940 4129 1080 4195 welches
1113 4131 1183 4196 οἱοί]
1214 4133 1298 4200 aueh

162 4244 249 4328 Sp9
280 4244 418 4325 bezieht}
451 4243 511 4309 auf
534 4245 624 4309 einer
645 4243 761 4308 Mflnze
792 4242 976 4307 Domitiane
1006 4241 1140 4324 (Eekhel
1171 4243 1233 4308 DN
1256 4244 1300 4309 VI

163 4358 235 4439 393)
263 4354 452 4439 abgebildet
474 4357 525 4421 ist.
