2978 5414
239 822 301 884 316
641 813 678 870 li.
697 813 805 870 Valerii
822 812 959 869 Martialis

324 987 409 1068 Quid
431 990 564 1054 narras?
585 987 645 1052 boe
668 994 725 1065 est,
749 987 810 1052 hee
833 994 882 1053 est
903 985 1010 1067 homo,
1036 984 1151 1067 Oetile,
1176 984 1301 1051 bellusi

368 1101 431 1165 Res
453 1099 630 1184 pertrieosa
652 1106 712 1180 est,
738 1097 851 1176 Cotile,
873 1097 978 1163 bellus
1000 1095 1106 1162 bomo.

746 1269 861 1335 LXIV.

326 1383 457 1449 Sirenas
477 1381 614 1448 hilarem
635 1382 859 1465 navigantium
881 1400 1017 1465 poenam

324 1493 531 1576 Blandasque
553 1501 671 1559 mortes
693 1491 912 1577 gaudiumque
935 1490 1077 1573 erudele,

325 1604 414 1685 Quas
436 1625 530 1671 neme
554 1604 713 1687 quondam
738 1604 908 1671 deserebat
930 1603 1070 1679 auditas,

325 1718 439 1783 Fallax
462 1716 575 1782 Ulixes
597 1715 714 1782 dieitur
735 1717 915 1799 reliquisse.

285 1838 301 1891 5
325 1829 398 1894 Non
419 1829 530 1894 mirer:
553 1827 644 1905 illud,
669 1827 835 1907 Cassiano,
859 1828 1004 1905 mirarer,

326 1940 360 2004 Si
383 1937 582 2005 fabulantem
606 1939 740 2005 Canium
763 1939 954 2022 reliquisset.

758 2111 855 2175 LXV.

329 2220 423 2299 Quod
444 2222 546 2304 spirat
568 2229 679 2288 tenera
701 2223 821 2287 malum
843 2221 1009 2287 mordente
1031 2224 1148 2305 puella.

369 2330 462 2411 Quod
485 2331 526 2398 de
549 2332 684 2418 Corycio
707 2353 792 2415 quae
814 2333 903 2399 venit
925 2353 1005 2398 nura
1026 2352 1130 2409 eroee;

325 2445 430 2509 Vinea
451 2443 537 2526 quod
559 2446 671 2529 primis
694 2464 765 2509 eum
787 2444 879 2510 fleret
901 2463 983 2509 sana
1005 2444 1153 2509 raeemis.

370 2555 525 2620 Gramina
547 2553 633 2636 quod
655 2554 812 2635 redolent,
837 2575 920 2637 quae
942 2554 1036 2621 modo
1060 2556 1180 2640 carpsit
1201 2557 1286 2633 evis3

286 2676 303 2731 5
327 2665 419 2746 Quod
442 2674 574 2750 myrtus,
597 2667 684 2750 quod
706 2685 827 2733 messer
848 2666 962 2746 Arabs,
986 2667 1073 2749 quod
1095 2668 1208 2733 sueina
1229 2670 1315 2747 trita,

369 2777 515 2844 Pallidus
538 2778 604 2844 lieo
627 2786 698 2844 ture
720 2777 807 2861 quod
828 2778 914 2862 ignis
936 2781 1015 2856 elet;

328 2890 433 2956 Gleba
454 2889 541 2972 quod
563 2891 687 2955 aestive
709 2890 824 2955 leviter
845 2909 916 2955 eum
939 2891 1102 2974 spargitur
1122 2890 1232 2968 imbre,

372 3000 466 3079 Quod
487 2999 637 3067 madidas
659 3000 760 3066 narde
783 3019 882 3085 passa
904 3020 1023 3067 aurona
1045 3021 1166 3067 eomas:

346 3197 421 3253 LXV
450 3200 476 3251 8.
517 3213 604 3266 passa
640 3198 737 3251 TSelra
782 3204 865 3266 parta
896 3198 1011 3252 XABO
1019 3217 1055 3268 pr
1064 3202 1090 3248 (i
1137 3205 1234 3267 sparta
1263 3216 1331 3252 corr.
1349 3202 1375 3251 G

243 3299 342 3352 sparsa
361 3283 461 3345 PQFu
472 3283 528 3338 Ser.

347 3470 447 3526 LXIV.
478 3471 543 3541 Vgl.
563 3471 680 3527 Carmen
697 3472 727 3526 in
746 3470 867 3528 Sirenas.
889 3470 1034 3527 claudian.
1053 3473 1097 3528 ed.
1115 3473 1187 3542 Jeep
1207 3488 1234 3542 p.
1254 3475 1313 3526 133.

344 3556 422 3612 LXV
440 3561 465 3611 2.
494 3558 590 3613 Horat.
611 3557 638 3613 S.
656 3557 684 3611 ll
703 3563 727 3622 4,
744 3560 777 3612 68
796 3558 917 3629 Corycio
936 3574 1029 3614 eroes.

348 3642 435 3707 {LXV
453 3648 477 3699 5.
516 3643 612 3699 Sidou.
638 3643 735 3712 Apoll.
759 3644 833 3714 Epp.
859 3644 900 3698 IX
920 3647 963 3710 13,
982 3646 1005 3707 2,
1024 3648 1057 3698 tt
1079 3642 1261 3715 Arabumque
1283 3660 1375 3701 messe

244 3728 373 3799 pinguis.)

310 3934 410 3990 LXIV.
425 3937 448 3987 5.
476 3935 607 3990 cassiane.
629 3935 683 3990 Ein
696 3943 777 3992 sonat
788 3937 867 3992 nieht
879 3936 1035 3993 bekannter
1047 3937 1159 3992 Freund
1172 3937 1222 3992 des
1234 3937 1374 3994 Dielrters.

312 4023 335 4072 6.
369 4020 488 4075 Gauium.
519 4021 649 4086 zu161,
669 4025 692 4075 9.

311 4104 395 4161 LXV.
425 4106 489 4177 Vgl.
509 4107 555 4161 die
573 4107 863 4178 Zusammenstellung
887 4124 944 4163 von
967 4107 1196 4177 Wohlgerilehen
1220 4107 1295 4161 de
1320 4109 1377 4172 (die

244 4191 318 4248 auch
331 4192 396 4247 dort
408 4193 458 4247 mit
469 4192 582 4248 Kllssen
594 4192 758 4262 verglieben
770 4195 890 4249 werden)
900 4195 959 4249 und
971 4211 1028 4249 von
1040 4194 1125 4250 iibeln
1138 4193 1286 4250 Gerbeben
1298 4193 1340 4248 IV
1352 4197 1376 4246 4.

313 4279 336 4330 1.
370 4277 481 4348 Corycio
498 4307 532 4317 —
550 4296 632 4332 croco.
667 4279 725 4334 Der
747 4281 902 4335 besonders
921 4297 965 4335 am
983 4281 1110 4351 Corycus
1128 4280 1304 4350 gedeibende
1324 4280 1377 4335 Sa-

243 4363 306 4418 fran
323 4380 381 4418 war
399 4363 451 4419 das
471 4363 662 4421 berilhmteste
680 4364 809 4420 Produkt
827 4365 970 4421 (illiciens.
1008 4365 1072 4435 Vgl.
1091 4365 1133 4419 lX
1151 4369 1192 4429 38,
1213 4369 1243 4417 15
1261 4364 1376 4421 Bluem·

243 4464 293 4504 uer
311 4447 337 4504 S.
358 4454 399 4513 30,
420 4452 442 4501 1.

311 4539 335 4587 5.
370 4535 471 4590 suana.
514 4534 670 4592 Geriebsne
698 4538 757 4592 und
789 4538 916 4594 dadureh
945 4541 1089 4594 erwiirmte
1117 4537 1376 4594 Bernstelnsttielre.

243 4620 307 4690 Vgl.
326 4622 352 4677 V
371 4624 412 4687 31,
433 4625 461 4674 11
487 4622 528 4677 XI
547 4624 570 4688 8,
590 4625 613 4676 6.

312 4710 335 4761 8.
366 4707 430 4779 Vgl.
449 4709 490 4762 XI
508 4712 532 4773 8,
554 4712 591 4762 ¹0.
626 4708 750 4765 Nardum
768 4710 886 4781 gebiirte
905 4727 939 4766 au
958 4713 1013 4768 den
1031 4710 1155 4767 feiusten
1173 4712 1231 4766 und
1249 4710 1380 4767 kostbar-

244 4799 306 4848 sten
324 4791 562 4863 Wohlgerltcheu.
581 4794 622 4850 IV
643 4797 706 4861 1:3‚3
732 4796 803 4850 lllll
822 4800 862 4849 51.
