2978 5414
643 739 679 795 M.
698 739 804 796 Valerii
822 739 958 796 Martialis

742 913 858 978 XLIX.

321 1027 462 1094 Uxorem
485 1025 557 1090 nolo
580 1025 765 1089 Telesinam
789 1023 919 1090 dooere:
945 1027 1063 1108 quaro?

363 1136 498 1203 Moecha
520 1143 577 1201 ost.
616 1133 682 1201 Sed
705 1136 814 1219 pueris
836 1134 893 1200 dat
916 1135 1076 1200 Telesina.
1122 1134 1211 1201 Volo.

777 1298 804 1363 L

321 1410 415 1490 Quod
436 1410 530 1476 tellas
553 1417 585 1475 ot
607 1430 725 1492 aquam
748 1416 849 1493 potas,
874 1409 932 1483 nil,
957 1409 1087 1490 Lesbia,
1112 1429 1236 1494 peooas.

364 1520 436 1600 Qua
457 1522 516 1588 tibi
540 1528 632 1605 parte
654 1539 734 1605 opus
757 1526 817 1601 est,
842 1520 970 1600 Lesbia,
994 1522 1094 1586 sumIs
1116 1541 1243 1604 aquam.

770 1683 824 1747 LI.

321 1797 413 1864 Unus
435 1814 535 1880 saepe
556 1795 615 1861 tibi
637 1802 706 1862 tota
727 1792 879 1860 denarius
902 1814 977 1860 area

364 1909 444 1975 Cum
467 1908 509 1973 sit
531 1915 563 1974 ot
583 1906 637 1971 hio
659 1907 730 1971 oulo
751 1907 867 1987 tritior,
891 1906 996 1990 Hylle,
1020 1914 1083 1985 tuo,

320 2021 393 2085 Non
415 2027 524 2085 tamen
546 2017 630 2082 huno
652 2019 766 2101 pistor,
791 2036 854 2083 non
877 2017 1003 2084 auferet
1022 2018 1108 2084 huno
1129 2019 1189 2085 tibi
1211 2039 1301 2105 eopo,

364 2129 430 2196 Sed
453 2131 480 2195 si
504 2130 576 2212 quis
598 2129 697 2194 nimio
719 2147 803 2212 pone
825 2129 983 2212 superbus
1007 2131 1075 2197 orit.

282 2251 299 2305 5
323 2242 440 2308 Infelix
463 2247 576 2306 venter
597 2248 724 2324 spectat
745 2241 895 2305 convivia
916 2240 980 2307 ouli

364 2354 405 2419 Et
427 2371 554 2436 semper
576 2352 674 2418 miser
694 2350 748 2417 hio
770 2353 881 2429 esurit,
905 2351 961 2418 ille
983 2361 1081 2419 vorat.

764 2540 835 2604 LII.

323 2669 422 2735 Novit
442 2669 564 2733 loturas
587 2668 707 2734 Dasius
729 2686 911 2733 numerare:
936 2671 1081 2753 poposcit

364 2780 574 2845 Mammosam
597 2778 753 2863 Spatalen
775 2797 832 2863 pro
854 2778 969 2846 tribus:
993 2782 1051 2846 illa
1072 2781 1170 2849 dedit.

758 2967 843 3031 LIII.

324 3096 381 3160 Vis
405 3095 475 3160 fiori
497 3093 601 3161 liberi
622 3096 778 3177 mentiris,
803 3096 953 3174 Maxime,
977 3116 1040 3163 non
1062 3101 1125 3164 vis:

365 3205 431 3272 Sed
453 3205 523 3272 fieri
545 3206 573 3271 si
596 3207 656 3285 vis,
680 3205 741 3271 hae
762 3208 887 3273 ratione
909 3215 1008 3292 potes.

240 3365 445 3374 ———-—-—

340 3411 414 3466 LIII.
432 3410 565 3466 Vlnoent.
577 3409 685 3466 Bellov.
699 3409 788 3480 Sp.D.
801 3409 828 3465 V
841 3413 889 3464 156
906 3412 1048 3469 Maroialls
1066 3412 1193 3487 coquus:
1211 3416 1296 3474 Liber
1312 3435 1371 3475 non

236 3505 320 3568 potes
344 3503 374 3553 et
396 3496 514 3566 gulosus
537 3510 600 3552 ease
626 3495 674 3561 [IX
695 3498 735 3562 10)
761 3496 846 3554 Liber
869 3498 938 3563 erIs,
963 3514 1064 3555 oeuare
1086 3500 1156 3557 ioris
1180 3502 1217 3566 al,
1242 3503 1369 3569 Maxime,

236 3585 319 3648 nolis,
338 3582 488 3653 Vegetana
505 3587 582 3638 tuam
601 3581 625 3638 si
643 3581 740 3637 domet
756 3599 814 3640 uva
831 3583 913 3640 sitim.

236 3773 296 3828 und
314 3771 422 3828 Statius
446 3771 489 3827 als
513 3769 651 3840 Inbegrlil
668 3771 720 3827 des
744 3771 884 3828 hoohstan
908 3771 1029 3830 Glanaes
1053 3774 1103 3830 der
1120 3775 1297 3846 Hauptatadt
1321 3795 1372 3848 ge·

236 3866 335 3915 nsunt.
366 3855 526 3911 MVII³4
545 3855 616 3912 Stat.
637 3854 738 3921 S.15,
757 3859 799 3913 62.
832 3856 1013 3923 SG117,6.

304 3951 407 4007 XLIX.
427 3952 451 4005 t.
481 3951 534 4005 dat.
565 3951 605 4006 Zu
623 3951 651 4006 II
669 3951 694 4003 9.

306 4039 372 4092 oola.
407 4036 459 4093 Um
482 4037 528 4092 dle
552 4036 632 4106 pueri
655 4036 706 4091 mit
723 4036 787 4091 dem
805 4035 833 4090 II
851 4039 883 4089 il
902 4038 961 4093 und
978 4038 1006 4092 II
1024 4042 1057 4092 60
1078 4039 1241 4097 erwahnten
1259 4043 1371 4112 suppli-

238 4124 312 4180 eIum
331 4121 439 4192 puerile
457 4120 601 4178 bestraion
619 4137 654 4176 zu
672 4122 794 4178 konnen.

307 4208 353 4263 LI.
383 4206 515 4261 211192.

306 4293 365 4348 LII.
391 4292 495 4348 Dasius
508 4292 546 4349 ist
557 4292 607 4347 dor
618 4291 787 4348 Elnuehmer
799 4292 850 4348 des
862 4292 1092 4363 EIntrittsgeldes
1104 4295 1133 4349 in
1146 4296 1237 4352 einem
1246 4297 1371 4355 Frauen-

237 4381 320 4437 bade.
355 4378 392 4433 Er
416 4378 524 4434 Iordort
545 4393 603 4433 vou
621 4376 736 4446 Spatale
755 4379 806 4433 das
824 4377 990 4443 DreIIaohe,
1009 4379 1072 4434 weil
1095 4381 1137 4437 sie
1155 4398 1188 4436 so
1206 4382 1262 4437 viel
1280 4382 1372 4439 Raum

238 4466 383 4522 eiuulmmt
405 4464 458 4519 wie
482 4463 541 4519 drei
565 4462 761 4533 gewtlhnliohe
778 4463 927 4528 Badende,
946 4464 1004 4521 und
1023 4464 1065 4521 sie
1083 4465 1201 4523 orkennt
1218 4469 1308 4525 solbat
1325 4470 1373 4527 die

238 4549 451 4621 Gereohtlglxeit
468 4551 560 4606 asinar
576 4548 742 4618 Fordemug
759 4565 804 4603 an.

309 4639 332 4688 1.
370 4634 665 4689 Nais-numerare.
701 4631 977 4703 v31.v1125,sx
997 4635 1227 4701 astuosa.
1249 4641 1279 4692 10
1304 4640 1373 4696 xlv

238 4723 297 4786 201,
318 4724 340 4776 1.
