2978 5414
393 401 625 472 Epigrammatou
641 401 726 458 Liber
744 399 788 454 III
810 400 847 463 *iu
864 399 920 454 den
939 398 967 455 J.
989 400 1086 466 δῆθε.
1244 402 1307 464 289

215 585 231 638 5
256 576 306 639 Tu
328 582 437 641 tamen
460 593 495 639 es
518 571 667 651 Quintus:
692 580 851 639 mutemus
874 591 989 637 nomen
1011 571 1163 637 amantIs:

300 687 334 751 Si
357 706 420 750 non
443 687 512 752 vult
534 684 681 763 Quintus,
705 682 835 749 Thaida
858 683 975 750 Sextus
998 691 1092 750 amet.

700 848 775 912 XII.

259 961 475 1044 Unguentum,
498 958 611 1037 fateor,
635 959 753 1025 bonum
776 957 894 1024 dedisti

259 1073 412 1139 Convivis
434 1072 521 1151 here,
545 1069 603 1135 sed
626 1070 705 1134 nihil
728 1068 861 1135 scidIsti.

259 1186 323 1249 Res
347 1185 435 1248 salsa
457 1191 506 1250 est
529 1183 612 1248 bene
635 1182 722 1247 olere
745 1190 777 1247 et
799 1182 930 1246 esurrire.

259 1295 321 1374 Qui
344 1315 408 1360 non
431 1302 525 1360 cenat
548 1302 580 1359 et
602 1293 763 1377 unguitur,
787 1292 932 1370 Fabulle,

219 1417 235 1470 5
260 1408 320 1472 Hic
343 1426 421 1472 vere
443 1405 521 1471 mihi
544 1413 688 1472 mortuus
710 1401 849 1469 videtur.

692 1567 783 1632 XIII.

262 1683 345 1746 Dum
368 1701 431 1745 uon
454 1683 504 1747 vis
527 1682 643 1765 pisces,
667 1677 743 1744 dum
766 1697 830 1742 non
853 1679 903 1743 vis
926 1696 1058 1762 carpere
1080 1678 1197 1761 pullos,

303 1794 343 1858 Et
365 1792 439 1876 plus
461 1812 559 1874 quam
581 1792 676 1876 putri,
699 1790 838 1872 Naevia,
862 1791 969 1875 parcis
992 1808 1079 1873 apro,

260 1903 402 1970 Accusas
424 1905 609 1988 rumpisque
633 1921 753 1982 cocum,
776 1909 929 1985 tauquam
952 1901 1059 1965 omnia
1081 1899 1181 1965 cruda

302 2016 462 2082 Attulerit.
502 2015 674 2096 Nunquam
697 2015 744 2078 sle
767 2033 827 2098 ego
850 2012 967 2079 crudus
990 2031 1052 2077 ero.

699 2176 786 2241 XIV.

259 2290 392 2354 Romam
416 2289 546 2372 petebat
568 2289 704 2354 esuritor
727 2287 865 2353 Tuccius

303 2399 470 2466 Profectus
493 2419 531 2465 ex
555 2400 723 2482 Hispania.

278 2587 318 2641 XI
338 2592 363 2640 tl.
395 2586 523 2653 Quiutus
543 2586 654 2642 Thaida
677 2586 781 2640 (lillert
817 2586 937 2652 QuIntus
955 2585 1074 2650 Thaida,
1094 2587 1171 2638 Scia.

278 2672 347 2727 XIII
367 2674 485 2741 aputu
505 2675 568 2726 Has
587 2674 656 2726 Sedu
691 2672 766 2742 patri
785 2673 858 2726 codd.
880 2674 936 2726 Sor.

220 2784 229 2787 „
278 2828 333 2882 uu
354 2831 375 2879 1.
395 2829 419 2882 s.
451 2827 587 2883 aarum.
607 2829 677 2883 rust.
697 2827 723 2880 x
741 2831 765 2892 r,
784 2829 816 2879 ar
835 2825 892 2892 (cn
910 2826 938 2880 11
958 2829 1016 2893 are,
1036 2828 1077 2892 aa
1102 2825 1202 2891 ‚aarum
1228 2826 1311 2894 pona

175 2913 312 2969 Martialis
330 2913 359 2967 iu
377 2912 420 2966 III
439 2913 662 2981 epigrammaton
681 2912 868 2982 ,Unguentum
884 2942 919 2952 -
938 2912 1069 2968 scidisti!

244 3084 308 3139 XII.
323 3089 349 3140 l.
370 3084 490 3139 Fabulla
509 3084 663 3140 DerName
672 3085 711 3140 ist
723 3085 774 3139 mit
783 3084 960 3154 Eriunerung
972 3101 1008 3139 au
1021 3085 1162 3140 Catulum
1175 3085 1308 3155 gewihlt.

245 3170 325 3223 XIII.
356 3169 399 3224 III
418 3174 450 3222 94
469 3171 538 3226 llber
556 3171 687 3226 dasselhe
706 3169 822 3226 Thema.

248 3261 268 3307 1.
299 3275 422 3326 carpere:
454 3258 597 3326 zerlegen,
624 3257 678 3312 wie
703 3257 818 3312 Patron.
859 3272 884 3311 c.
914 3259 948 3310 36
976 3261 1027 3320 (wo
1055 3257 1104 3311 der
1131 3257 1236 3311 scissor
1260 3257 1311 3312 des

177 3341 348 3398 Trimalchio
367 3341 477 3411 Carpus
495 3343 600 3409 heisst,)
629 3343 729 3413 Itaque
747 3342 972 3411 quotiescunque
991 3342 1061 3397 dicit
1079 3357 1194 3411 »carpe«
1213 3344 1311 3399 eodem

177 3429 265 3484 verbo
283 3434 312 3483 et
329 3435 415 3483 vocat
433 3436 463 3484 et
479 3429 608 3498 imperat.

247 3518 271 3566 3.
302 3514 456 3584 rumpisque
475 3533 572 3568 comm.
601 3514 687 3585 Digg.
708 3514 758 3580 IX,
774 3518 797 3580 2,
817 3517 849 3567 27
876 3513 997 3583 (Ulpian.
1016 3513 1034 3568 l.
1053 3512 1150 3568 XVIII
1169 3515 1206 3570 ad
1224 3514 1312 3571 Edic-

178 3603 245 3660 tum)
271 3598 536 3669 §ellexhquillal
559 3600 640 3655 -si
663 3601 711 3671 qui
735 3600 816 3656 alteri
841 3601 973 3655 damnum
997 3599 1082 3663 faxit,
1108 3600 1184 3669 quod
1208 3601 1312 3656 usserit

178 3684 294 3754 fregerit
311 3685 418 3752 ruperit
436 3685 538 3756 injuria
556 3691 611 3741 etc.
643 3687 656 3752 ξ
671 3689 712 3739 17.
731 3686 857 3754 Rupisse
870 3701 933 3741 eum
950 3686 1050 3755 utique
1062 3687 1243 3755 accipiemus,
1263 3687 1311 3755 qui

178 3770 369 3825 vulneraverit
392 3770 437 3825 vel
462 3771 549 3841 virgis
573 3771 618 3826 vel
640 3771 709 3828 lorIs
727 3772 772 3827 vel
797 3773 901 3842 pugnis
920 3772 1033 3837 cecidit,
1051 3773 1096 3827 vel
1115 3773 1173 3828 telo
1191 3775 1236 3828 vel
1256 3787 1312 3841 quo

179 3856 249 3921 alio,
267 3863 299 3911 ut
317 3856 460 3912 scinderet
478 3857 563 3912 alicui
588 3873 692 3926 corpus
710 3857 756 3914 uel
774 3864 911 3913 tumorem
930 3858 1036 3914 fecerit
1067 3858 1131 3928 Vgl.
1150 3857 1218 3911 XIX
1237 3861 1260 3922 2,
1279 3860 1312 3909 ³0

178 3945 234 4009 §2
260 3941 365 3996 XLVII
387 3945 426 4006 lll,
445 3945 460 3992 9
480 3942 609 4010 (Ulpian.)
632 3948 748 4007 (sums)
769 3943 897 3999 Praesidi
921 3945 1081 4000 offerendus
1099 3950 1157 4007 est,
1181 3943 1311 4012 quicum

179 4027 274 4096 flagris
292 4034 411 4095 rumpat.

247 4117 271 4165 3,
289 4117 314 4166 l.
347 4113 592 4168 cruda-crucias.
623 4112 701 4183 Splel
719 4114 844 4170 mitdem
857 4115 1036 4184 Doppelsiun
1054 4130 1111 4170 von
1130 4115 1242 4179 crudus,
1261 4114 1313 4171 das

179 4200 267 4256 sowol
285 4216 341 4255 von
359 4199 438 4255 nicht
456 4199 799 4271 gargelrochtenSpeiseu
817 4200 859 4256 als
878 4217 934 4257 von
946 4201 1098 4257 lIensehen
1116 4207 1217 4269 gesagt
1235 4200 1313 4266 wird,

179 4287 225 4342 die
244 4287 304 4341 sich
323 4287 361 4340 lm
378 4285 503 4341 Zustaud
522 4288 571 4342 der
588 4286 860 4342 Uuuerdaulichlreit
877 4286 1017 4343 befiuden.

247 4371 323 4426 XIV.
343 4374 368 4424 1.
399 4371 520 4426 aurito.
550 4371 590 4427 Zu
608 4372 651 4426 III
670 4376 694 4438 l,
712 4376 736 4425 5.

232 4473 320 4515 Murtisl
334 4473 352 4514 1.
1076 4477 1107 4527 19
